server_time,best_bid_price,best_ask_price,avg_buy_price,avg_sell_price
2024-11-26T13:53:57.085,91926.5,91926.6,91931.375,91917.58
2024-11-26T13:53:57.104,91926.5,91926.6,91931.375,91916.62
2024-11-26T13:53:57.124,91926.5,91926.6,91931.28,91917.21
2024-11-26T13:53:57.145,91926.5,91926.6,91931.86,91917.87
2024-11-26T13:53:57.164,91926.5,91926.6,91931.79,91917.36
2024-11-26T13:53:57.185,91926.5,91926.6,91932.38,91917.555
2024-11-26T13:53:57.204,91926.5,91926.6,91932.65,91917.49
2024-11-26T13:53:57.224,91926.5,91926.6,91934.15,91917.445
2024-11-26T13:53:57.245,91926.5,91926.6,91934.15,91917.625
2024-11-26T13:53:57.264,91926.5,91926.6,91934.15,91917.625
2024-11-26T13:53:57.284,91926.5,91926.6,91934.35,91918.32
2024-11-26T13:53:57.304,91926.5,91926.6,91934.16,91918.0
2024-11-26T13:53:57.324,91926.5,91926.6,91934.16,91918.25
2024-11-26T13:53:57.344,91926.5,91926.6,91934.16,91918.31
2024-11-26T13:53:57.364,91926.5,91926.6,91934.16,91918.5
2024-11-26T13:53:57.404,91926.5,91926.6,91934.16,91918.49
2024-11-26T13:53:57.424,91926.5,91926.6,91934.22,91918.58
2024-11-26T13:53:57.444,91926.5,91926.6,91933.78,91918.83
2024-11-26T13:53:57.464,91926.5,91926.6,91934.09,91918.96
2024-11-26T13:53:57.484,91926.5,91926.6,91933.5,91919.04
2024-11-26T13:53:57.504,91926.5,91926.6,91934.09,91918.94
2024-11-26T13:53:57.524,91926.5,91926.6,91934.125,91918.99
2024-11-26T13:53:57.544,91926.5,91926.6,91934.38,91918.84
2024-11-26T13:53:57.564,91926.5,91926.6,91934.38,91918.63
2024-11-26T13:53:57.584,91926.5,91926.6,91933.64,91918.5
2024-11-26T13:53:57.604,91926.5,91926.6,91932.695,91918.414
2024-11-26T13:53:57.625,91926.5,91926.6,91932.695,91918.76
2024-11-26T13:53:57.645,91926.5,91926.6,91932.695,91918.76
2024-11-26T13:53:57.665,91926.5,91926.6,91932.72,91918.79
2024-11-26T13:53:57.684,91926.5,91926.6,91932.625,91918.71
2024-11-26T13:53:57.704,91926.5,91926.6,91932.0,91918.664
2024-11-26T13:53:57.724,91926.5,91926.6,91932.38,91918.77
2024-11-26T13:53:57.745,91926.5,91926.6,91932.055,91918.79
2024-11-26T13:53:57.784,91926.5,91926.6,91932.055,91918.69
2024-11-26T13:53:57.804,91926.5,91926.6,91932.66,91918.45
2024-11-26T13:53:57.825,91926.5,91926.6,91933.24,91918.73
2024-11-26T13:53:57.844,91926.5,91926.6,91933.24,91918.734
2024-11-26T13:53:57.904,91926.5,91926.6,91933.24,91918.74
2024-11-26T13:53:57.944,91926.5,91926.6,91933.03,91918.74
2024-11-26T13:53:57.985,91926.5,91926.6,91933.03,91918.94
2024-11-26T13:53:58.005,91926.5,91926.6,91933.24,91918.805
2024-11-26T13:53:58.024,91926.5,91926.6,91933.24,91918.53
2024-11-26T13:53:58.044,91926.5,91926.6,91934.22,91918.75
2024-11-26T13:53:58.064,91926.5,91926.6,91934.914,91918.66
2024-11-26T13:53:58.084,91927.2,91927.3,91935.37,91921.2
2024-11-26T13:53:58.104,91927.2,91927.3,91935.07,91921.16
2024-11-26T13:53:58.124,91927.2,91927.3,91935.07,91921.125
2024-11-26T13:53:58.144,91927.2,91927.3,91935.12,91921.125
2024-11-26T13:53:58.164,91927.2,91927.3,91935.12,91921.414
2024-11-26T13:53:58.184,91931.9,91934.3,91939.02,91924.26
2024-11-26T13:53:58.205,91936.9,91937.3,91940.88,91930.23
2024-11-26T13:53:58.224,91937.3,91937.4,91944.32,91934.445
2024-11-26T13:53:58.244,91938.4,91938.5,91950.67,91934.42
2024-11-26T13:53:58.264,91938.4,91938.5,91950.86,91933.9
2024-11-26T13:53:58.284,91938.4,91938.5,91952.945,91934.53
2024-11-26T13:53:58.304,91938.4,91938.5,91952.59,91934.65
2024-11-26T13:53:58.324,91938.4,91938.5,91952.695,91934.7
2024-11-26T13:53:58.344,91938.4,91938.5,91952.58,91934.61
2024-11-26T13:53:58.364,91938.4,91938.5,91952.52,91934.66
2024-11-26T13:53:58.384,91938.4,91938.5,91952.46,91934.734
2024-11-26T13:53:58.404,91938.4,91938.5,91952.46,91934.875
2024-11-26T13:53:58.424,91938.4,91938.5,91952.54,91935.97
2024-11-26T13:53:58.444,91938.4,91938.5,91952.57,91936.04
2024-11-26T13:53:58.464,91938.4,91938.5,91952.555,91936.0
2024-11-26T13:53:58.484,91938.4,91938.5,91952.49,91936.0
2024-11-26T13:53:58.504,91938.4,91938.5,91952.49,91935.86
2024-11-26T13:53:58.524,91938.4,91938.5,91952.49,91935.82
2024-11-26T13:53:58.544,91938.4,91938.5,91952.49,91935.88
2024-11-26T13:53:58.564,91938.4,91938.5,91952.61,91935.79
2024-11-26T13:53:58.584,91938.4,91938.5,91953.02,91935.8
2024-11-26T13:53:58.604,91938.4,91938.5,91953.26,91935.7
2024-11-26T13:53:58.624,91938.4,91938.5,91953.26,91935.76
2024-11-26T13:53:58.664,91938.4,91938.5,91953.21,91935.76
2024-11-26T13:53:58.684,91938.4,91938.5,91953.22,91935.71
2024-11-26T13:53:58.704,91944.9,91945.0,91952.85,91937.75
2024-11-26T13:53:58.724,91944.9,91945.0,91952.72,91938.125
2024-11-26T13:53:58.745,91944.9,91945.0,91952.6,91937.86
2024-11-26T13:53:58.764,91944.9,91945.0,91952.73,91937.72
2024-11-26T13:53:58.784,91947.6,91947.7,91953.69,91941.56
2024-11-26T13:53:58.804,91947.6,91947.7,91957.2,91941.33
2024-11-26T13:53:58.824,91947.9,91948.0,91960.805,91941.51
2024-11-26T13:53:58.844,91947.9,91948.0,91961.63,91941.51
2024-11-26T13:53:58.864,91947.9,91948.0,91961.57,91942.04
2024-11-26T13:53:58.884,91947.9,91948.0,91961.56,91941.26
2024-11-26T13:53:58.904,91947.9,91948.0,91962.125,91942.836
2024-11-26T13:53:58.924,91947.9,91948.0,91962.45,91942.82
2024-11-26T13:53:58.944,91947.9,91948.0,91962.42,91942.97
2024-11-26T13:53:58.964,91947.9,91948.0,91962.48,91942.98
2024-11-26T13:53:58.984,91947.9,91948.0,91962.47,91942.98
2024-11-26T13:53:59.004,91947.9,91948.0,91962.48,91943.22
2024-11-26T13:53:59.024,91947.9,91948.0,91962.484,91943.22
2024-11-26T13:53:59.044,91947.9,91948.0,91962.46,91943.6
2024-11-26T13:53:59.064,91947.9,91948.0,91962.46,91943.56
2024-11-26T13:53:59.084,91947.9,91948.0,91962.46,91943.47
2024-11-26T13:53:59.104,91947.9,91948.0,91962.43,91943.695
2024-11-26T13:53:59.124,91947.9,91948.0,91962.44,91943.82
2024-11-26T13:53:59.144,91947.9,91948.0,91962.44,91943.75
2024-11-26T13:53:59.184,91947.9,91948.0,91962.44,91943.62
2024-11-26T13:53:59.204,91947.9,91948.0,91962.37,91943.55
2024-11-26T13:53:59.244,91947.9,91948.0,91962.37,91943.46
2024-11-26T13:53:59.264,91947.9,91948.0,91962.16,91943.34
2024-11-26T13:53:59.284,91947.9,91948.0,91962.15,91943.31
2024-11-26T13:53:59.304,91947.9,91948.0,91962.17,91943.31
2024-11-26T13:53:59.324,91947.9,91948.0,91962.17,91943.31
2024-11-26T13:53:59.344,91947.9,91948.0,91962.15,91943.24
2024-11-26T13:53:59.384,91947.9,91948.0,91962.125,91943.25
2024-11-26T13:53:59.404,91947.9,91948.0,91962.04,91943.414
2024-11-26T13:53:59.444,91947.9,91948.0,91962.04,91943.25
2024-11-26T13:53:59.464,91947.9,91948.0,91962.06,91943.18
2024-11-26T13:53:59.484,91947.9,91948.0,91962.055,91943.14
2024-11-26T13:53:59.524,91947.9,91948.0,91962.055,91943.305
2024-11-26T13:53:59.544,91947.9,91948.0,91962.03,91943.125
2024-11-26T13:53:59.564,91947.9,91948.0,91962.03,91943.13
2024-11-26T13:53:59.624,91947.9,91948.0,91962.71,91943.6
2024-11-26T13:53:59.644,91947.9,91948.0,91962.49,91943.58
2024-11-26T13:53:59.664,91947.9,91948.0,91962.55,91943.46
2024-11-26T13:53:59.684,91947.9,91948.0,91962.55,91943.79
2024-11-26T13:53:59.704,91947.9,91948.0,91962.484,91943.58
2024-11-26T13:53:59.724,91947.9,91948.0,91962.484,91943.586
2024-11-26T13:53:59.784,91947.9,91948.0,91962.55,91943.79
2024-11-26T13:53:59.804,91947.9,91948.0,91962.54,91943.99
2024-11-26T13:53:59.824,91947.9,91948.0,91962.49,91943.805
2024-11-26T13:53:59.844,91947.9,91948.0,91962.49,91943.72
2024-11-26T13:53:59.864,91947.9,91948.0,91962.47,91943.375
2024-11-26T13:53:59.884,91947.9,91948.0,91962.35,91943.766
2024-11-26T13:53:59.904,91947.9,91948.0,91962.35,91943.38
2024-11-26T13:53:59.924,91947.9,91948.0,91962.125,91943.38
2024-11-26T13:53:59.944,91947.9,91948.0,91961.75,91943.44
2024-11-26T13:53:59.964,91947.9,91948.0,91961.97,91943.18
2024-11-26T13:53:59.984,91947.9,91948.0,91961.97,91943.47
2024-11-26T13:54:00.004,91947.9,91948.0,91961.97,91943.05
2024-11-26T13:54:00.024,91947.9,91948.0,91961.94,91942.51
2024-11-26T13:54:00.044,91947.9,91948.0,91961.945,91942.516
2024-11-26T13:54:00.064,91947.9,91948.0,91961.93,91942.516
2024-11-26T13:54:00.084,91947.9,91948.0,91960.87,91942.516
2024-11-26T13:54:00.104,91947.9,91948.0,91956.164,91941.3
2024-11-26T13:54:00.124,91947.9,91948.0,91956.86,91939.805
2024-11-26T13:54:00.144,91947.9,91948.0,91956.83,91939.49
2024-11-26T13:54:00.164,91947.9,91948.0,91956.12,91939.43
2024-11-26T13:54:00.184,91947.9,91948.0,91956.7,91938.54
2024-11-26T13:54:00.204,91947.9,91948.0,91956.586,91938.33
2024-11-26T13:54:00.224,91947.9,91948.0,91956.58,91938.39
2024-11-26T13:54:00.244,91947.9,91948.0,91957.39,91938.07
2024-11-26T13:54:00.264,91947.9,91948.0,91957.414,91938.48
2024-11-26T13:54:00.284,91947.9,91948.0,91957.47,91938.74
2024-11-26T13:54:00.304,91947.9,91948.0,91957.43,91938.37
2024-11-26T13:54:00.324,91947.9,91948.0,91956.64,91939.445
2024-11-26T13:54:00.344,91947.9,91948.0,91956.625,91938.266
2024-11-26T13:54:00.364,91947.9,91948.0,91956.625,91938.08
2024-11-26T13:54:00.384,91947.9,91948.0,91956.7,91938.08
2024-11-26T13:54:00.404,91947.9,91948.0,91956.59,91938.29
2024-11-26T13:54:00.464,91947.9,91948.0,91956.59,91938.21
2024-11-26T13:54:00.484,91947.9,91948.0,91956.52,91939.68
2024-11-26T13:54:00.504,91947.9,91948.0,91956.39,91940.7
2024-11-26T13:54:00.525,91947.9,91948.0,91957.57,91940.65
2024-11-26T13:54:00.544,91947.9,91948.0,91956.85,91940.44
2024-11-26T13:54:00.564,91947.9,91948.0,91957.39,91938.97
2024-11-26T13:54:00.584,91947.9,91948.0,91957.44,91938.09
2024-11-26T13:54:00.604,91947.9,91948.0,91957.38,91937.89
2024-11-26T13:54:00.624,91947.9,91948.0,91957.32,91937.89
2024-11-26T13:54:00.644,91947.9,91948.0,91956.73,91937.89
2024-11-26T13:54:00.664,91947.9,91948.0,91956.3,91937.555
2024-11-26T13:54:00.684,91947.9,91948.0,91956.016,91937.45
2024-11-26T13:54:00.704,91947.9,91948.0,91955.93,91937.45
2024-11-26T13:54:00.724,91947.9,91948.0,91955.93,91937.586
2024-11-26T13:54:00.744,91943.1,91943.2,91949.64,91936.14
2024-11-26T13:54:00.764,91943.1,91943.2,91947.99,91934.04
2024-11-26T13:54:00.784,91937.3,91937.4,91940.35,91933.42
2024-11-26T13:54:00.804,91937.3,91937.4,91940.984,91933.914
2024-11-26T13:54:00.824,91937.3,91937.4,91941.42,91933.766
2024-11-26T13:54:00.844,91937.3,91937.4,91943.54,91933.77
2024-11-26T13:54:00.864,91937.3,91937.4,91944.0,91933.664
2024-11-26T13:54:00.884,91937.3,91937.4,91943.305,91933.5
2024-11-26T13:54:00.905,91937.3,91937.4,91943.3,91933.13
2024-11-26T13:54:00.924,91937.3,91937.4,91943.41,91933.13
2024-11-26T13:54:00.945,91937.3,91937.4,91942.375,91933.21
2024-11-26T13:54:00.964,91937.3,91937.4,91942.375,91933.15
2024-11-26T13:54:00.984,91937.3,91937.4,91942.36,91933.15
2024-11-26T13:54:01.005,91937.3,91937.4,91942.63,91933.3
2024-11-26T13:54:01.024,91937.3,91937.4,91942.695,91933.32
2024-11-26T13:54:01.044,91937.3,91937.4,91943.01,91933.336
2024-11-26T13:54:01.064,91937.3,91937.4,91942.94,91933.336
2024-11-26T13:54:01.085,91937.3,91937.4,91942.77,91933.27
2024-11-26T13:54:01.104,91937.3,91937.4,91943.49,91932.21
2024-11-26T13:54:01.124,91937.3,91937.4,91943.09,91929.87
2024-11-26T13:54:01.144,91937.3,91937.4,91943.086,91929.77
2024-11-26T13:54:01.164,91937.3,91937.4,91941.2,91929.77
2024-11-26T13:54:01.204,91937.3,91937.4,91941.625,91929.805
2024-11-26T13:54:01.225,91937.3,91937.4,91941.61,91929.73
2024-11-26T13:54:01.245,91937.3,91937.4,91941.61,91929.71
2024-11-26T13:54:01.265,91937.3,91937.4,91941.41,91929.67
2024-11-26T13:54:01.284,91937.3,91937.4,91941.41,91929.51
2024-11-26T13:54:01.324,91937.3,91937.4,91941.41,91929.555
2024-11-26T13:54:01.344,91937.3,91937.4,91940.945,91929.94
2024-11-26T13:54:01.364,91937.3,91937.4,91940.98,91929.87
2024-11-26T13:54:01.384,91937.3,91937.4,91940.98,91929.85
2024-11-26T13:54:01.404,91937.3,91937.4,91941.27,91929.66
2024-11-26T13:54:01.424,91937.3,91937.4,91941.33,91929.664
2024-11-26T13:54:01.444,91937.3,91937.4,91942.945,91929.664
2024-11-26T13:54:01.465,91937.3,91937.4,91946.45,91929.89
2024-11-26T13:54:01.484,91937.3,91937.4,91948.72,91929.914
2024-11-26T13:54:01.504,91937.3,91937.4,91948.35,91930.414
2024-11-26T13:54:01.524,91937.3,91937.4,91948.555,91930.555
2024-11-26T13:54:01.544,91937.3,91937.4,91948.65,91930.83
2024-11-26T13:54:01.564,91937.3,91937.4,91948.86,91931.016
2024-11-26T13:54:01.584,91937.3,91937.4,91949.89,91931.55
2024-11-26T13:54:01.604,91937.3,91937.4,91950.16,91931.45
2024-11-26T13:54:01.624,91938.2,91944.4,91950.76,91933.21
2024-11-26T13:54:01.644,91944.3,91944.4,91951.48,91937.125
2024-11-26T13:54:01.664,91944.3,91944.4,91952.33,91936.266
2024-11-26T13:54:01.684,91944.3,91944.4,91952.68,91938.96
2024-11-26T13:54:01.704,91944.3,91944.4,91955.87,91939.19
2024-11-26T13:54:01.724,91944.3,91944.4,91956.34,91939.98
2024-11-26T13:54:01.744,91947.9,91948.0,91958.15,91941.01
2024-11-26T13:54:01.764,91947.9,91948.0,91958.49,91940.57
2024-11-26T13:54:01.784,91947.9,91948.0,91960.125,91940.73
2024-11-26T13:54:01.804,91947.9,91948.0,91961.46,91941.414
2024-11-26T13:54:01.824,91947.9,91948.0,91961.71,91940.766
2024-11-26T13:54:01.844,91947.9,91948.0,91961.82,91940.76
2024-11-26T13:54:01.864,91947.9,91948.0,91961.914,91941.305
2024-11-26T13:54:01.884,91952.5,91952.6,91962.37,91945.41
2024-11-26T13:54:01.904,91952.5,91952.6,91962.414,91944.8
2024-11-26T13:54:01.924,91952.5,91952.6,91962.484,91943.86
2024-11-26T13:54:01.944,91952.5,91952.6,91962.71,91943.81
2024-11-26T13:54:01.964,91952.5,91952.6,91962.586,91945.21
2024-11-26T13:54:01.984,91952.5,91952.6,91962.64,91944.47
2024-11-26T13:54:02.004,91952.5,91952.6,91962.63,91944.055
2024-11-26T13:54:02.024,91952.5,91952.6,91962.58,91943.86
2024-11-26T13:54:02.044,91952.5,91952.6,91962.63,91944.07
2024-11-26T13:54:02.064,91952.5,91952.6,91963.516,91944.9
2024-11-26T13:54:02.084,91952.5,91952.6,91966.29,91945.195
2024-11-26T13:54:02.104,91953.5,91953.6,91968.43,91950.23
2024-11-26T13:54:02.124,91953.5,91953.6,91969.016,91948.79
2024-11-26T13:54:02.144,91953.5,91953.6,91969.04,91948.13
2024-11-26T13:54:02.164,91953.5,91953.6,91968.86,91947.86
2024-11-26T13:54:02.184,91953.5,91953.6,91968.46,91948.23
2024-11-26T13:54:02.204,91953.5,91953.6,91968.48,91947.88
2024-11-26T13:54:02.224,91953.5,91953.6,91967.766,91947.73
2024-11-26T13:54:02.244,91953.5,91953.6,91968.2,91947.28
2024-11-26T13:54:02.264,91953.5,91953.6,91968.65,91947.15
2024-11-26T13:54:02.284,91953.5,91953.6,91968.21,91947.71
2024-11-26T13:54:02.304,91953.5,91953.6,91967.92,91947.57
2024-11-26T13:54:02.324,91955.9,91956.0,91968.82,91949.09
2024-11-26T13:54:02.344,91955.9,91956.0,91964.836,91948.34
2024-11-26T13:54:02.364,91955.9,91956.0,91964.87,91947.55
2024-11-26T13:54:02.384,91955.9,91956.0,91964.87,91947.67
2024-11-26T13:54:02.404,91955.9,91956.0,91964.84,91947.74
2024-11-26T13:54:02.424,91955.9,91956.0,91964.84,91947.43
2024-11-26T13:54:02.444,91955.9,91956.0,91964.47,91947.68
2024-11-26T13:54:02.464,91955.9,91956.0,91964.47,91947.58
2024-11-26T13:54:02.484,91955.9,91956.0,91964.47,91947.36
2024-11-26T13:54:02.505,91955.9,91956.0,91965.125,91947.3
2024-11-26T13:54:02.524,91955.9,91956.0,91965.125,91947.31
2024-11-26T13:54:02.564,91955.9,91956.0,91964.45,91947.27
2024-11-26T13:54:02.584,91955.9,91956.0,91964.49,91947.29
2024-11-26T13:54:02.604,91955.9,91956.0,91964.5,91947.52
2024-11-26T13:54:02.625,91955.9,91956.0,91965.35,91947.65
2024-11-26T13:54:02.645,91955.9,91956.0,91965.38,91947.664
2024-11-26T13:54:02.664,91955.9,91956.0,91965.38,91947.66
2024-11-26T13:54:02.684,91955.9,91956.0,91965.44,91947.36
2024-11-26T13:54:02.704,91955.9,91956.0,91965.48,91947.72
2024-11-26T13:54:02.725,91955.9,91956.0,91965.42,91947.4
2024-11-26T13:54:02.745,91955.9,91956.0,91965.414,91947.71
2024-11-26T13:54:02.765,91955.9,91956.0,91965.414,91947.805
2024-11-26T13:54:02.784,91955.9,91956.0,91965.45,91948.25
2024-11-26T13:54:02.804,91955.9,91956.0,91965.45,91948.69
2024-11-26T13:54:02.825,91955.9,91956.0,91965.45,91948.75
2024-11-26T13:54:02.864,91955.9,91956.0,91969.19,91948.27
2024-11-26T13:54:02.884,91955.9,91956.0,91969.15,91948.89
2024-11-26T13:54:02.904,91955.9,91956.0,91969.14,91948.875
2024-11-26T13:54:02.924,91955.9,91956.0,91969.3,91948.39
2024-11-26T13:54:02.945,91955.9,91956.0,91969.36,91948.82
2024-11-26T13:54:02.964,91955.9,91956.0,91969.266,91948.33
2024-11-26T13:54:02.984,91955.9,91956.0,91968.9,91948.5
2024-11-26T13:54:03.004,91955.9,91956.0,91968.74,91948.5
2024-11-26T13:54:03.024,91955.9,91956.0,91968.74,91948.48
2024-11-26T13:54:03.044,91955.9,91956.0,91968.94,91948.48
2024-11-26T13:54:03.064,91955.9,91956.0,91968.96,91948.66
2024-11-26T13:54:03.104,91955.9,91956.0,91968.93,91948.57
2024-11-26T13:54:03.124,91955.9,91956.8,91969.055,91948.664
2024-11-26T13:54:03.144,91956.8,91956.9,91968.836,91951.51
2024-11-26T13:54:03.164,91956.8,91956.9,91969.48,91951.36
2024-11-26T13:54:03.184,91961.4,91961.5,91971.84,91956.695
2024-11-26T13:54:03.204,91965.1,91965.2,91974.21,91960.23
2024-11-26T13:54:03.224,91965.1,91965.2,91978.75,91960.01
2024-11-26T13:54:03.244,91966.2,91966.3,91981.12,91960.9
2024-11-26T13:54:03.264,91966.2,91966.3,91981.36,91960.945
2024-11-26T13:54:03.284,91966.2,91966.3,91981.055,91961.516
2024-11-26T13:54:03.304,91966.2,91966.3,91980.66,91960.664
2024-11-26T13:54:03.324,91966.2,91966.3,91980.7,91961.43
2024-11-26T13:54:03.344,91966.2,91966.3,91980.68,91960.98
2024-11-26T13:54:03.364,91966.2,91966.3,91980.98,91960.97
2024-11-26T13:54:03.384,91966.4,91966.5,91981.35,91960.734
2024-11-26T13:54:03.404,91966.4,91966.5,91982.59,91961.67
2024-11-26T13:54:03.424,91966.4,91966.5,91982.04,91961.58
2024-11-26T13:54:03.444,91966.4,91966.5,91981.664,91962.21
2024-11-26T13:54:03.464,91966.4,91966.5,91981.62,91963.04
2024-11-26T13:54:03.484,91966.4,91966.5,91981.66,91962.73
2024-11-26T13:54:03.504,91966.4,91966.5,91981.62,91962.72
2024-11-26T13:54:03.524,91966.4,91966.5,91981.62,91962.7
2024-11-26T13:54:03.544,91966.4,91966.5,91981.62,91962.445
2024-11-26T13:54:03.564,91966.4,91966.5,91981.5,91962.37
2024-11-26T13:54:03.584,91966.4,91966.5,91981.49,91962.56
2024-11-26T13:54:03.604,91971.9,91972.0,91982.69,91964.15
2024-11-26T13:54:03.624,91975.4,91975.5,91985.6,91967.695
2024-11-26T13:54:03.644,91976.2,91976.3,91986.86,91969.836
2024-11-26T13:54:03.664,91976.2,91976.3,91987.01,91970.56
2024-11-26T13:54:03.684,91976.2,91976.3,91986.945,91970.56
2024-11-26T13:54:03.704,91976.2,91976.3,91989.01,91969.74
2024-11-26T13:54:03.724,91976.2,91976.3,91989.16,91970.29
2024-11-26T13:54:03.744,91976.2,91976.3,91989.18,91969.69
2024-11-26T13:54:03.764,91976.2,91976.3,91989.37,91969.68
2024-11-26T13:54:03.784,91976.2,91976.3,91990.51,91969.805
2024-11-26T13:54:03.804,91976.2,91976.3,91990.75,91970.08
2024-11-26T13:54:03.824,91985.2,91986.7,91991.63,91976.01
2024-11-26T13:54:03.844,91985.2,91985.3,91992.26,91974.195
2024-11-26T13:54:03.864,91985.2,91985.3,91992.766,91973.38
2024-11-26T13:54:03.884,91985.2,91985.3,91993.82,91974.19
2024-11-26T13:54:03.904,91985.2,91985.3,91992.21,91974.695
2024-11-26T13:54:03.924,91985.2,91985.3,91992.234,91976.21
2024-11-26T13:54:03.944,91985.2,91985.3,91995.234,91976.36
2024-11-26T13:54:03.964,91985.2,91985.3,91995.51,91976.46
2024-11-26T13:54:03.985,91985.2,91985.3,91995.586,91976.08
2024-11-26T13:54:04.004,91985.2,91985.3,91995.664,91976.24
2024-11-26T13:54:04.024,91985.2,91985.3,91994.83,91976.336
2024-11-26T13:54:04.044,91985.2,91985.3,91994.766,91975.66
2024-11-26T13:54:04.064,91985.2,91985.3,91994.15,91975.625
2024-11-26T13:54:04.084,91985.2,91985.3,91993.42,91975.6
2024-11-26T13:54:04.104,91985.2,91985.3,91994.01,91975.79
2024-11-26T13:54:04.125,91985.2,91985.3,91993.414,91975.016
2024-11-26T13:54:04.144,91985.2,91985.3,91993.24,91975.0
2024-11-26T13:54:04.164,91985.2,91985.3,91993.15,91974.94
2024-11-26T13:54:04.185,91985.2,91985.3,91992.89,91973.766
2024-11-26T13:54:04.204,91985.2,91985.3,91991.734,91973.15
2024-11-26T13:54:04.224,91985.2,91985.3,91991.14,91973.14
2024-11-26T13:54:04.244,91985.2,91985.3,91991.125,91973.14
2024-11-26T13:54:04.264,91985.2,91985.3,91990.96,91973.14
2024-11-26T13:54:04.284,91985.2,91985.3,91990.91,91973.18
2024-11-26T13:54:04.304,91985.2,91985.3,91990.82,91973.055
2024-11-26T13:54:04.324,91985.2,91985.3,91990.63,91972.195
2024-11-26T13:54:04.344,91985.2,91985.3,91990.19,91971.984
2024-11-26T13:54:04.364,91985.2,91985.3,91990.1,91971.96
2024-11-26T13:54:04.384,91985.2,91985.3,91990.195,91970.63
2024-11-26T13:54:04.404,91985.2,91985.3,91990.195,91970.61
2024-11-26T13:54:04.444,91985.2,91985.3,91990.18,91970.61
2024-11-26T13:54:04.464,91985.2,91985.3,91990.18,91970.586
2024-11-26T13:54:04.504,91985.2,91985.3,91990.18,91970.56
2024-11-26T13:54:04.524,91985.2,91985.3,91990.18,91970.56
2024-11-26T13:54:04.584,91985.2,91985.3,91990.3,91970.56
2024-11-26T13:54:04.604,91985.2,91985.3,91990.3,91970.586
2024-11-26T13:54:04.624,91985.2,91985.3,91990.3,91970.69
2024-11-26T13:54:04.644,91985.2,91985.3,91990.31,91970.766
2024-11-26T13:54:04.664,91985.2,91985.3,91990.336,91971.016
2024-11-26T13:54:04.684,91985.2,91985.3,91989.98,91971.78
2024-11-26T13:54:04.704,91985.2,91985.3,91990.164,91971.945
2024-11-26T13:54:04.724,91985.2,91985.3,91990.164,91971.81
2024-11-26T13:54:04.744,91985.2,91985.3,91990.836,91971.81
2024-11-26T13:54:04.764,91985.2,91985.3,91990.74,91971.81
2024-11-26T13:54:04.784,91985.2,91985.3,91990.7,91971.805
2024-11-26T13:54:04.804,91985.2,91985.3,91990.7,91971.37
2024-11-26T13:54:04.824,91985.2,91985.3,91990.66,91971.2
2024-11-26T13:54:04.844,91985.2,91985.3,91990.59,91971.05
2024-11-26T13:54:04.864,91985.2,91985.3,91990.59,91971.08
2024-11-26T13:54:04.924,91985.2,91985.3,91990.6,91971.08
2024-11-26T13:54:04.944,91985.2,91985.3,91990.62,91971.08
2024-11-26T13:54:04.984,91985.2,91985.3,91990.62,91971.14
2024-11-26T13:54:05.004,91985.2,91985.3,91990.62,91971.39
2024-11-26T13:54:05.024,91985.2,91985.3,91990.62,91971.375
2024-11-26T13:54:05.044,91985.2,91985.3,91990.62,91971.195
2024-11-26T13:54:05.104,91985.2,91985.3,91990.62,91971.375
2024-11-26T13:54:05.124,91985.2,91985.3,91989.47,91971.52
2024-11-26T13:54:05.144,91985.2,91985.3,91989.28,91972.586
2024-11-26T13:54:05.164,91985.2,91985.3,91989.484,91971.56
2024-11-26T13:54:05.184,91985.2,91985.3,91989.5,91972.61
2024-11-26T13:54:05.204,91985.2,91985.3,91990.4,91971.234
2024-11-26T13:54:05.224,91985.2,91985.3,91990.766,91971.17
2024-11-26T13:54:05.244,91985.2,91985.3,91990.77,91971.414
2024-11-26T13:54:05.264,91985.2,91985.3,91990.766,91971.266
2024-11-26T13:54:05.304,91985.2,91985.3,91990.766,91971.266
2024-11-26T13:54:05.324,91985.2,91985.3,91990.766,91971.17
2024-11-26T13:54:05.364,91985.2,91985.3,91990.766,91971.06
2024-11-26T13:54:05.384,91985.2,91985.3,91990.766,91971.1
2024-11-26T13:54:05.404,91985.2,91985.3,91990.766,91971.125
2024-11-26T13:54:05.424,91985.2,91985.3,91990.77,91971.125
2024-11-26T13:54:05.444,91985.2,91985.3,91990.77,91970.99
2024-11-26T13:54:05.464,91985.2,91985.3,91990.766,91971.05
2024-11-26T13:54:05.504,91985.2,91985.3,91990.734,91971.05
2024-11-26T13:54:05.564,91985.2,91985.3,91990.734,91971.086
2024-11-26T13:54:05.584,91985.2,91985.3,91990.734,91971.05
2024-11-26T13:54:05.664,91985.2,91985.3,91990.734,91970.99
2024-11-26T13:54:05.684,91985.2,91985.3,91990.734,91970.99
2024-11-26T13:54:05.704,91985.2,91985.3,91990.734,91971.086
2024-11-26T13:54:05.724,91985.2,91985.3,91990.625,91972.62
2024-11-26T13:54:05.745,91985.2,91985.3,91990.695,91973.13
2024-11-26T13:54:05.765,91985.2,91985.3,91991.1,91974.52
2024-11-26T13:54:05.784,91985.2,91985.3,91991.21,91974.67
2024-11-26T13:54:05.804,91985.2,91985.3,91990.55,91974.45
2024-11-26T13:54:05.824,91985.2,91985.3,91990.9,91974.11
2024-11-26T13:54:05.844,91985.2,91985.3,91990.78,91973.836
2024-11-26T13:54:05.864,91985.2,91985.3,91990.77,91974.06
2024-11-26T13:54:05.885,91985.2,91985.3,91990.79,91974.01
2024-11-26T13:54:05.904,91985.2,91985.3,91990.77,91974.01
2024-11-26T13:54:05.924,91985.2,91985.3,91990.95,91973.984
2024-11-26T13:54:05.944,91985.2,91985.3,91991.03,91973.984
2024-11-26T13:54:05.985,91985.2,91985.3,91991.03,91974.03
2024-11-26T13:54:06.004,91985.2,91985.3,91991.31,91973.85
2024-11-26T13:54:06.024,91985.2,91985.3,91991.07,91973.75
2024-11-26T13:54:06.044,91985.2,91985.3,91991.04,91973.94
2024-11-26T13:54:06.064,91985.2,91985.3,91991.09,91973.72
2024-11-26T13:54:06.084,91985.2,91985.3,91991.09,91973.766
2024-11-26T13:54:06.104,91985.2,91985.3,91991.66,91973.59
2024-11-26T13:54:06.124,91985.2,91985.3,91991.45,91973.59
2024-11-26T13:54:06.144,91985.2,91985.3,91991.33,91973.59
2024-11-26T13:54:06.164,91985.2,91985.3,91991.266,91973.59
2024-11-26T13:54:06.184,91985.2,91985.3,91991.27,91972.96
2024-11-26T13:54:06.204,91985.2,91985.3,91991.17,91972.95
2024-11-26T13:54:06.224,91985.2,91985.3,91991.17,91972.83
2024-11-26T13:54:06.244,91985.2,91985.3,91991.016,91971.36
2024-11-26T13:54:06.264,91985.2,91985.3,91990.86,91971.36
2024-11-26T13:54:06.284,91985.2,91985.3,91990.875,91971.3
2024-11-26T13:54:06.304,91985.2,91985.3,91990.875,91971.445
2024-11-26T13:54:06.324,91985.2,91985.3,91990.875,91971.445
2024-11-26T13:54:06.364,91985.2,91985.3,91990.875,91971.445
2024-11-26T13:54:06.384,91985.2,91985.3,91990.99,91971.445
2024-11-26T13:54:06.404,91985.2,91985.3,91991.19,91971.3
2024-11-26T13:54:06.424,91985.2,91985.3,91991.19,91971.36
2024-11-26T13:54:06.484,91985.2,91985.3,91991.19,91971.31
2024-11-26T13:54:06.524,91985.2,91985.3,91991.195,91972.38
2024-11-26T13:54:06.544,91985.2,91985.3,91991.2,91972.65
2024-11-26T13:54:06.564,91985.2,91985.3,91991.2,91972.766
2024-11-26T13:54:06.584,91985.2,91985.3,91991.3,91974.01
2024-11-26T13:54:06.605,91985.2,91985.3,91991.086,91974.11
2024-11-26T13:54:06.624,91985.2,91985.3,91991.266,91974.24
2024-11-26T13:54:06.645,91985.2,91985.3,91991.266,91974.24
2024-11-26T13:54:06.665,91985.2,91985.3,91991.13,91973.89
2024-11-26T13:54:06.684,91985.2,91985.3,91991.13,91973.89
2024-11-26T13:54:06.704,91985.2,91985.3,91991.13,91973.91
2024-11-26T13:54:06.725,91985.2,91985.3,91991.05,91973.93
2024-11-26T13:54:06.744,91985.2,91985.3,91991.13,91973.93
2024-11-26T13:54:06.765,91985.2,91985.3,91991.13,91973.516
2024-11-26T13:54:06.784,91985.2,91985.3,91991.24,91973.15
2024-11-26T13:54:06.804,91985.2,91985.3,91990.78,91972.49
2024-11-26T13:54:06.824,91985.2,91985.3,91990.59,91971.234
2024-11-26T13:54:06.844,91978.9,91979.0,91986.75,91970.25
2024-11-26T13:54:06.864,91978.9,91979.0,91986.75,91969.945
2024-11-26T13:54:06.884,91978.9,91979.0,91987.055,91969.9
2024-11-26T13:54:06.904,91978.9,91979.0,91987.445,91969.64
2024-11-26T13:54:06.924,91977.1,91977.2,91981.734,91969.08
2024-11-26T13:54:06.944,91977.1,91977.2,91983.36,91968.76
2024-11-26T13:54:06.964,91973.1,91973.2,91978.66,91967.82
2024-11-26T13:54:06.984,91969.7,91969.8,91973.39,91963.695
2024-11-26T13:54:07.004,91969.6,91969.7,91973.06,91963.11
2024-11-26T13:54:07.024,91969.6,91969.7,91975.14,91962.766
2024-11-26T13:54:07.044,91969.6,91969.7,91976.21,91962.836
2024-11-26T13:54:07.064,91969.6,91969.7,91976.08,91962.85
2024-11-26T13:54:07.084,91969.6,91969.7,91976.055,91962.54
2024-11-26T13:54:07.104,91965.6,91965.7,91969.17,91958.875
2024-11-26T13:54:07.124,91965.1,91965.2,91968.77,91956.49
2024-11-26T13:54:07.144,91963.3,91963.4,91967.82,91954.48
2024-11-26T13:54:07.164,91961.5,91961.6,91964.97,91953.97
2024-11-26T13:54:07.184,91960.3,91960.4,91964.234,91953.74
2024-11-26T13:54:07.204,91956.2,91956.3,91964.68,91952.37
2024-11-26T13:54:07.224,91956.2,91956.3,91964.55,91953.49
2024-11-26T13:54:07.244,91956.2,91956.3,91965.54,91953.23
2024-11-26T13:54:07.265,91956.2,91956.3,91970.49,91953.02
2024-11-26T13:54:07.284,91956.2,91956.3,91970.586,91953.41
2024-11-26T13:54:07.304,91956.2,91956.3,91971.72,91953.46
2024-11-26T13:54:07.324,91956.2,91956.3,91971.58,91953.44
2024-11-26T13:54:07.344,91956.2,91956.3,91971.0,91953.31
2024-11-26T13:54:07.364,91956.2,91956.3,91971.3,91953.33
2024-11-26T13:54:07.384,91956.2,91956.3,91971.58,91953.28
2024-11-26T13:54:07.404,91956.2,91956.3,91971.92,91953.28
2024-11-26T13:54:07.424,91956.2,91956.3,91971.89,91953.24
2024-11-26T13:54:07.444,91956.2,91956.3,91971.875,91953.35
2024-11-26T13:54:07.464,91956.2,91956.3,91971.8,91953.35
2024-11-26T13:54:07.484,91956.2,91956.3,91971.68,91953.42
2024-11-26T13:54:07.504,91956.2,91956.3,91970.46,91953.26
2024-11-26T13:54:07.524,91956.2,91956.3,91970.34,91953.24
2024-11-26T13:54:07.545,91956.2,91956.3,91970.086,91953.234
2024-11-26T13:54:07.564,91956.2,91956.3,91969.89,91953.11
2024-11-26T13:54:07.585,91956.2,91956.3,91969.73,91953.08
2024-11-26T13:54:07.605,91956.2,91956.3,91969.68,91953.08
2024-11-26T13:54:07.624,91956.2,91956.3,91969.68,91953.02
2024-11-26T13:54:07.644,91956.2,91956.3,91969.81,91952.93
2024-11-26T13:54:07.664,91956.2,91956.3,91969.85,91952.945
2024-11-26T13:54:07.684,91956.2,91956.3,91969.85,91952.945
2024-11-26T13:54:07.704,91956.2,91956.3,91970.22,91953.06
2024-11-26T13:54:07.724,91956.2,91956.3,91971.164,91953.03
2024-11-26T13:54:07.745,91956.2,91956.3,91971.53,91953.03
2024-11-26T13:54:07.764,91956.2,91956.3,91971.52,91953.03
2024-11-26T13:54:07.784,91956.2,91956.3,91971.516,91953.02
2024-11-26T13:54:07.804,91956.2,91956.3,91971.414,91952.766
2024-11-26T13:54:07.825,91956.2,91956.3,91971.68,91952.92
2024-11-26T13:54:07.844,91956.2,91956.3,91971.11,91952.945
2024-11-26T13:54:07.864,91956.2,91956.3,91970.59,91952.92
2024-11-26T13:54:07.884,91956.2,91956.3,91970.266,91952.92
2024-11-26T13:54:07.904,91956.2,91956.3,91970.625,91952.95
2024-11-26T13:54:07.925,91956.2,91956.3,91970.27,91952.94
2024-11-26T13:54:07.944,91956.2,91956.3,91970.13,91952.586
2024-11-26T13:54:07.964,91956.2,91956.3,91969.76,91952.58
2024-11-26T13:54:07.984,91956.2,91956.3,91968.46,91952.15
2024-11-26T13:54:08.004,91956.2,91956.3,91968.305,91951.68
2024-11-26T13:54:08.024,91956.2,91956.3,91967.42,91950.71
2024-11-26T13:54:08.045,91956.2,91956.3,91967.164,91950.16
2024-11-26T13:54:08.064,91956.2,91956.3,91967.12,91949.98
2024-11-26T13:54:08.084,91956.2,91956.3,91967.14,91947.96
2024-11-26T13:54:08.104,91956.2,91956.3,91967.18,91948.47
2024-11-26T13:54:08.124,91956.2,91956.3,91967.19,91948.57
2024-11-26T13:54:08.144,91956.2,91956.3,91967.9,91948.25
2024-11-26T13:54:08.164,91956.2,91956.3,91967.77,91948.29
2024-11-26T13:54:08.184,91956.2,91956.3,91967.24,91948.586
2024-11-26T13:54:08.204,91956.2,91956.3,91968.13,91948.67
2024-11-26T13:54:08.224,91956.2,91956.3,91968.22,91948.67
2024-11-26T13:54:08.245,91956.2,91956.3,91968.24,91948.67
2024-11-26T13:54:08.264,91956.2,91956.3,91965.734,91944.47
2024-11-26T13:54:08.284,91956.2,91956.3,91965.61,91944.66
2024-11-26T13:54:08.304,91956.2,91956.3,91964.414,91943.61
2024-11-26T13:54:08.324,91956.2,91956.3,91964.28,91943.01
2024-11-26T13:54:08.344,91956.2,91956.3,91964.07,91942.62
2024-11-26T13:54:08.364,91956.2,91956.3,91964.06,91943.164
2024-11-26T13:54:08.384,91956.2,91956.3,91964.38,91943.445
2024-11-26T13:54:08.404,91956.2,91956.3,91964.516,91943.664
2024-11-26T13:54:08.424,91956.2,91956.3,91964.44,91943.664
2024-11-26T13:54:08.444,91956.2,91956.3,91964.19,91943.664
2024-11-26T13:54:08.464,91956.2,91956.3,91964.19,91944.22
2024-11-26T13:54:08.484,91956.2,91956.3,91964.39,91943.87
2024-11-26T13:54:08.504,91956.2,91956.3,91964.41,91944.18
2024-11-26T13:54:08.524,91956.2,91956.3,91964.41,91944.96
2024-11-26T13:54:08.544,91956.2,91956.3,91964.484,91945.23
2024-11-26T13:54:08.564,91956.2,91956.3,91964.484,91945.18
2024-11-26T13:54:08.584,91956.2,91956.3,91964.484,91944.96
2024-11-26T13:54:08.644,91956.2,91956.3,91964.484,91944.96
2024-11-26T13:54:08.664,91956.2,91956.3,91964.484,91944.95
2024-11-26T13:54:08.684,91956.2,91956.3,91964.484,91944.64
2024-11-26T13:54:08.704,91956.2,91956.3,91964.484,91944.52
2024-11-26T13:54:08.724,91956.2,91956.3,91964.58,91944.52
2024-11-26T13:54:08.744,91956.2,91956.3,91964.58,91944.52
2024-11-26T13:54:08.764,91956.2,91956.3,91964.46,91944.53
2024-11-26T13:54:08.784,91956.2,91956.3,91964.32,91944.53
2024-11-26T13:54:08.804,91955.9,91956.0,91962.484,91944.29
2024-11-26T13:54:08.824,91955.9,91956.0,91963.234,91944.07
2024-11-26T13:54:08.844,91955.9,91956.0,91963.016,91944.31
2024-11-26T13:54:08.864,91955.9,91956.0,91963.55,91944.07
2024-11-26T13:54:08.884,91955.9,91956.0,91963.55,91944.33
2024-11-26T13:54:08.904,91955.9,91956.0,91963.55,91944.07
2024-11-26T13:54:08.944,91955.9,91956.0,91963.55,91944.12
2024-11-26T13:54:08.964,91955.9,91956.0,91963.664,91944.21
2024-11-26T13:54:08.984,91955.9,91956.0,91963.664,91944.28
2024-11-26T13:54:09.004,91955.9,91956.0,91963.664,91943.984
2024-11-26T13:54:09.024,91955.9,91956.0,91963.664,91944.05
2024-11-26T13:54:09.044,91955.9,91956.0,91964.07,91945.49
2024-11-26T13:54:09.064,91955.9,91956.0,91963.83,91946.54
2024-11-26T13:54:09.084,91955.9,91956.0,91964.09,91946.664
2024-11-26T13:54:09.104,91955.9,91956.0,91964.4,91946.54
2024-11-26T13:54:09.125,91955.9,91956.0,91965.0,91946.766
2024-11-26T13:54:09.145,91955.9,91956.0,91964.85,91946.766
2024-11-26T13:54:09.165,91955.9,91956.0,91964.65,91946.766
2024-11-26T13:54:09.184,91955.9,91956.0,91964.65,91946.734
2024-11-26T13:54:09.204,91955.9,91956.0,91964.65,91946.36
2024-11-26T13:54:09.225,91955.9,91956.0,91964.65,91946.74
2024-11-26T13:54:09.244,91955.9,91956.0,91964.55,91946.61
2024-11-26T13:54:09.264,91955.9,91956.0,91964.46,91945.836
2024-11-26T13:54:09.284,91955.9,91956.0,91964.43,91945.445
2024-11-26T13:54:09.304,91955.9,91956.0,91964.43,91945.01
2024-11-26T13:54:09.324,91955.9,91956.0,91964.9,91945.63
2024-11-26T13:54:09.344,91955.9,91956.0,91964.79,91946.016
2024-11-26T13:54:09.364,91955.9,91956.0,91964.59,91945.625
2024-11-26T13:54:09.386,91955.9,91956.0,91964.59,91945.34
2024-11-26T13:54:09.404,91955.9,91956.0,91964.8,91945.195
2024-11-26T13:54:09.424,91955.9,91956.0,91964.8,91945.57
2024-11-26T13:54:09.444,91955.9,91956.0,91964.8,91945.64
2024-11-26T13:54:09.465,91955.9,91956.0,91964.58,91945.83
2024-11-26T13:54:09.484,91955.9,91956.0,91964.484,91945.83
2024-11-26T13:54:09.505,91955.9,91956.0,91964.445,91945.83
2024-11-26T13:54:09.524,91955.9,91956.0,91964.445,91945.55
2024-11-26T13:54:09.544,91955.9,91956.0,91964.445,91945.336
2024-11-26T13:54:09.564,91955.9,91956.0,91964.445,91945.3
2024-11-26T13:54:09.584,91955.9,91956.0,91964.445,91944.95
2024-11-26T13:54:09.604,91955.9,91956.0,91964.664,91945.2
2024-11-26T13:54:09.624,91955.9,91956.0,91964.664,91945.43
2024-11-26T13:54:09.644,91955.9,91956.0,91964.516,91945.43
2024-11-26T13:54:09.664,91955.9,91956.0,91964.516,91945.07
2024-11-26T13:54:09.704,91955.9,91956.0,91964.516,91945.06
2024-11-26T13:54:09.724,91955.9,91956.0,91964.664,91944.945
2024-11-26T13:54:09.744,91955.9,91956.0,91964.664,91944.63
2024-11-26T13:54:09.764,91955.9,91956.0,91964.77,91944.63
2024-11-26T13:54:09.784,91955.9,91956.0,91964.77,91944.64
2024-11-26T13:54:09.824,91955.9,91956.0,91964.77,91945.25
2024-11-26T13:54:09.844,91955.9,91956.0,91964.77,91944.984
2024-11-26T13:54:09.864,91955.9,91956.0,91964.77,91944.914
2024-11-26T13:54:09.884,91955.9,91956.0,91964.77,91944.79
2024-11-26T13:54:09.924,91955.9,91956.0,91964.77,91944.57
2024-11-26T13:54:09.944,91955.9,91956.0,91964.77,91944.8
2024-11-26T13:54:10.004,91955.9,91956.0,91964.77,91944.695
2024-11-26T13:54:10.024,91955.9,91956.0,91964.77,91944.9
2024-11-26T13:54:10.104,91955.9,91956.0,91964.805,91944.9
2024-11-26T13:54:10.124,91955.9,91956.0,91964.734,91944.68
2024-11-26T13:54:10.144,91955.9,91956.0,91964.71,91944.44
2024-11-26T13:54:10.164,91955.9,91956.0,91964.5,91944.63
2024-11-26T13:54:10.184,91955.9,91956.0,91964.47,91944.63
2024-11-26T13:54:10.224,91955.9,91956.0,91964.42,91943.38
2024-11-26T13:54:10.244,91951.6,91951.7,91958.23,91942.29
2024-11-26T13:54:10.264,91950.3,91950.4,91955.67,91941.266
2024-11-26T13:54:10.284,91950.3,91950.4,91955.98,91941.23
2024-11-26T13:54:10.304,91950.3,91950.4,91956.81,91941.125
2024-11-26T13:54:10.324,91948.9,91949.0,91955.67,91939.8
2024-11-26T13:54:10.344,91945.0,91945.1,91950.57,91938.266
2024-11-26T13:54:10.364,91945.0,91945.1,91952.04,91937.695
2024-11-26T13:54:10.384,91945.0,91945.1,91952.71,91937.43
2024-11-26T13:54:10.404,91945.0,91945.1,91953.35,91937.43
2024-11-26T13:54:10.424,91945.0,91945.1,91953.36,91937.26
2024-11-26T13:54:10.444,91943.9,91944.0,91949.375,91936.836
2024-11-26T13:54:10.464,91943.9,91944.0,91950.31,91936.73
2024-11-26T13:54:10.484,91941.5,91941.6,91948.45,91936.586
2024-11-26T13:54:10.504,91941.5,91941.6,91948.71,91936.055
2024-11-26T13:54:10.524,91941.5,91941.6,91946.88,91935.26
2024-11-26T13:54:10.544,91941.5,91941.6,91948.195,91933.36
2024-11-26T13:54:10.564,91941.5,91941.6,91948.72,91932.43
2024-11-26T13:54:10.584,91941.5,91941.6,91948.59,91931.73
2024-11-26T13:54:10.604,91941.5,91941.6,91948.37,91931.56
2024-11-26T13:54:10.624,91941.5,91941.6,91948.12,91931.57
2024-11-26T13:54:10.644,91941.5,91941.6,91948.12,91931.53
2024-11-26T13:54:10.664,91941.2,91941.3,91947.25,91931.03
2024-11-26T13:54:10.684,91940.7,91940.8,91946.53,91931.04
2024-11-26T13:54:10.704,91940.7,91940.8,91947.1,91931.19
2024-11-26T13:54:10.724,91940.7,91940.8,91947.695,91931.09
2024-11-26T13:54:10.744,91937.3,91937.4,91943.77,91930.27
2024-11-26T13:54:10.764,91937.3,91937.4,91944.55,91930.36
2024-11-26T13:54:10.784,91937.3,91937.4,91944.91,91930.37
2024-11-26T13:54:10.804,91937.3,91937.4,91945.04,91930.24
2024-11-26T13:54:10.824,91937.3,91937.4,91945.11,91930.19
2024-11-26T13:54:10.845,91937.3,91937.4,91946.16,91930.31
2024-11-26T13:54:10.864,91937.3,91937.4,91946.055,91930.31
2024-11-26T13:54:10.884,91937.3,91937.4,91946.02,91930.37
2024-11-26T13:54:10.925,91937.3,91937.4,91946.02,91930.22
2024-11-26T13:54:10.944,91937.3,91937.4,91946.02,91930.086
2024-11-26T13:54:10.964,91937.3,91937.4,91945.94,91930.125
2024-11-26T13:54:10.984,91937.3,91937.4,91945.94,91930.15
2024-11-26T13:54:11.004,91937.3,91937.4,91945.92,91930.26
2024-11-26T13:54:11.024,91937.3,91937.4,91948.36,91930.36
2024-11-26T13:54:11.044,91937.3,91937.4,91948.984,91930.4
2024-11-26T13:54:11.065,91937.3,91937.4,91949.13,91930.4
2024-11-26T13:54:11.085,91937.3,91937.4,91949.305,91930.43
2024-11-26T13:54:11.104,91937.3,91937.4,91950.516,91930.42
2024-11-26T13:54:11.124,91938.0,91938.1,91950.125,91932.45
2024-11-26T13:54:11.144,91938.0,91938.1,91949.555,91932.31
2024-11-26T13:54:11.164,91938.0,91938.1,91949.46,91932.305
2024-11-26T13:54:11.184,91938.0,91938.1,91950.305,91932.305
2024-11-26T13:54:11.204,91938.0,91938.1,91950.71,91932.33
2024-11-26T13:54:11.224,91938.0,91938.1,91951.61,91932.82
2024-11-26T13:54:11.244,91938.0,91938.1,91951.92,91932.9
2024-11-26T13:54:11.264,91938.0,91938.1,91952.4,91932.84
2024-11-26T13:54:11.284,91938.0,91938.1,91952.625,91932.84
2024-11-26T13:54:11.304,91938.0,91938.1,91953.0,91932.84
2024-11-26T13:54:11.324,91938.0,91938.1,91952.945,91932.9
2024-11-26T13:54:11.344,91938.0,91938.1,91953.07,91932.9
2024-11-26T13:54:11.364,91938.0,91938.1,91953.17,91932.84
2024-11-26T13:54:11.404,91938.0,91938.1,91953.07,91932.83
2024-11-26T13:54:11.424,91938.0,91938.1,91953.93,91932.85
2024-11-26T13:54:11.444,91938.0,91938.1,91954.164,91932.99
2024-11-26T13:54:11.484,91938.0,91938.1,91954.24,91932.984
2024-11-26T13:54:11.524,91938.0,91938.1,91954.164,91933.0
2024-11-26T13:54:11.544,91938.0,91938.1,91954.164,91933.07
2024-11-26T13:54:11.564,91938.0,91938.1,91954.13,91933.05
2024-11-26T13:54:11.584,91938.0,91938.1,91954.414,91933.18
2024-11-26T13:54:11.604,91938.0,91938.1,91954.234,91933.195
2024-11-26T13:54:11.624,91938.0,91938.1,91954.31,91933.1
2024-11-26T13:54:11.644,91938.0,91938.1,91954.14,91933.375
2024-11-26T13:54:11.664,91938.0,91938.1,91954.16,91933.33
2024-11-26T13:54:11.684,91938.0,91938.1,91954.21,91933.195
2024-11-26T13:54:11.704,91938.0,91938.1,91954.21,91933.22
2024-11-26T13:54:11.724,91938.0,91938.1,91954.32,91933.19
2024-11-26T13:54:11.744,91938.0,91938.1,91954.29,91933.18
2024-11-26T13:54:11.784,91938.0,91938.1,91954.29,91933.12
2024-11-26T13:54:11.804,91938.0,91938.1,91954.29,91933.11
2024-11-26T13:54:11.824,91938.0,91938.1,91954.35,91933.12
2024-11-26T13:54:11.844,91938.0,91938.1,91953.695,91934.34
2024-11-26T13:54:11.864,91938.0,91938.1,91953.586,91934.336
2024-11-26T13:54:11.884,91938.0,91938.1,91950.61,91934.44
2024-11-26T13:54:11.904,91938.0,91938.1,91951.016,91934.43
2024-11-26T13:54:11.924,91938.0,91938.1,91951.57,91934.43
2024-11-26T13:54:11.944,91938.0,91938.1,91952.016,91934.43
2024-11-26T13:54:11.964,91938.0,91938.1,91951.805,91934.43
2024-11-26T13:54:11.984,91938.0,91938.1,91951.8,91935.29
2024-11-26T13:54:12.004,91938.0,91938.1,91951.82,91935.29
2024-11-26T13:54:12.044,91938.0,91938.1,91952.01,91935.29
2024-11-26T13:54:12.064,91938.0,91938.1,91952.086,91935.27
2024-11-26T13:54:12.084,91938.0,91938.1,91952.07,91935.27
2024-11-26T13:54:12.104,91938.0,91938.1,91952.05,91935.27
2024-11-26T13:54:12.144,91938.0,91938.1,91952.21,91935.15
2024-11-26T13:54:12.164,91943.8,91943.9,91957.14,91936.1
2024-11-26T13:54:12.184,91944.7,91944.8,91957.66,91938.76
2024-11-26T13:54:12.204,91946.5,91946.6,91957.87,91939.49
2024-11-26T13:54:12.224,91946.5,91946.6,91957.98,91939.39
2024-11-26T13:54:12.244,91946.5,91946.6,91958.74,91939.72
2024-11-26T13:54:12.264,91947.4,91947.5,91960.7,91941.58
2024-11-26T13:54:12.284,91948.1,91948.2,91961.766,91941.14
2024-11-26T13:54:12.304,91948.1,91948.2,91962.04,91940.29
2024-11-26T13:54:12.324,91953.9,91954.0,91962.26,91944.09
2024-11-26T13:54:12.344,91955.9,91956.0,91964.49,91948.56
2024-11-26T13:54:12.364,91955.9,91956.0,91967.95,91948.99
2024-11-26T13:54:12.384,91956.1,91956.2,91968.336,91948.72
2024-11-26T13:54:12.404,91956.1,91956.2,91968.37,91948.77
2024-11-26T13:54:12.424,91956.1,91956.2,91969.27,91949.82
2024-11-26T13:54:12.444,91956.1,91956.2,91969.69,91949.37
2024-11-26T13:54:12.464,91956.1,91956.2,91967.664,91949.414
2024-11-26T13:54:12.484,91956.1,91956.2,91967.53,91948.8
2024-11-26T13:54:12.504,91956.1,91956.2,91965.32,91946.414
2024-11-26T13:54:12.524,91953.9,91954.0,91962.29,91946.23
2024-11-26T13:54:12.544,91953.9,91954.0,91961.42,91947.29
2024-11-26T13:54:12.564,91953.9,91954.0,91964.58,91947.1
2024-11-26T13:54:12.584,91954.8,91954.9,91967.92,91948.266
2024-11-26T13:54:12.604,91955.9,91956.0,91967.63,91950.55
2024-11-26T13:54:12.624,91955.9,91956.0,91967.875,91950.32
2024-11-26T13:54:12.644,91955.9,91956.0,91967.01,91949.79
2024-11-26T13:54:12.664,91955.9,91956.0,91966.984,91949.71
2024-11-26T13:54:12.684,91955.9,91956.0,91966.85,91950.09
2024-11-26T13:54:12.704,91955.9,91956.0,91966.85,91950.18
2024-11-26T13:54:12.724,91955.9,91956.0,91966.93,91950.18
2024-11-26T13:54:12.745,91955.9,91956.0,91966.78,91950.18
2024-11-26T13:54:12.764,91955.9,91956.0,91966.766,91950.18
2024-11-26T13:54:12.784,91955.9,91956.0,91966.766,91950.48
2024-11-26T13:54:12.825,91955.9,91956.0,91966.734,91950.32
2024-11-26T13:54:12.864,91955.9,91956.0,91966.734,91950.35
2024-11-26T13:54:12.924,91955.9,91956.0,91966.734,91950.56
2024-11-26T13:54:12.945,91955.9,91956.0,91966.64,91949.98
2024-11-26T13:54:13.004,91955.9,91956.0,91966.34,91950.055
2024-11-26T13:54:13.024,91955.9,91956.0,91966.34,91949.88
2024-11-26T13:54:13.104,91955.9,91956.0,91966.21,91949.91
2024-11-26T13:54:13.145,91955.9,91956.0,91966.21,91949.805
2024-11-26T13:54:13.184,91955.9,91956.0,91966.21,91949.625
2024-11-26T13:54:13.205,91955.9,91956.0,91966.21,91949.57
2024-11-26T13:54:13.225,91955.9,91956.0,91966.38,91949.57
2024-11-26T13:54:13.244,91955.9,91956.0,91966.38,91949.58
2024-11-26T13:54:13.284,91955.9,91956.0,91966.664,91949.85
2024-11-26T13:54:13.304,91955.9,91956.0,91966.27,91949.58
2024-11-26T13:54:13.324,91955.9,91956.0,91966.13,91949.58
2024-11-26T13:54:13.364,91955.9,91956.0,91966.13,91949.67
2024-11-26T13:54:13.385,91955.9,91956.0,91966.33,91949.88
2024-11-26T13:54:13.404,91955.9,91956.0,91966.31,91949.6
2024-11-26T13:54:13.424,91955.9,91956.0,91966.31,91949.55
2024-11-26T13:54:13.444,91955.9,91956.0,91967.87,91949.89
2024-11-26T13:54:13.464,91956.2,91956.3,91968.305,91950.45
2024-11-26T13:54:13.484,91956.2,91956.3,91968.24,91949.836
2024-11-26T13:54:13.504,91956.2,91956.3,91968.29,91949.14
2024-11-26T13:54:13.524,91956.2,91956.3,91968.29,91949.82
2024-11-26T13:54:13.544,91956.2,91956.3,91968.29,91949.39
2024-11-26T13:54:13.565,91956.2,91956.3,91968.29,91949.51
2024-11-26T13:54:13.584,91956.2,91956.3,91968.34,91949.45
2024-11-26T13:54:13.604,91956.2,91956.3,91968.34,91949.47
2024-11-26T13:54:13.625,91956.2,91956.3,91968.445,91949.58
2024-11-26T13:54:13.644,91956.2,91956.3,91968.445,91949.62
2024-11-26T13:54:13.665,91956.2,91956.3,91968.33,91949.47
2024-11-26T13:54:13.684,91956.2,91956.3,91968.33,91949.7
2024-11-26T13:54:13.704,91956.2,91956.3,91968.33,91949.82
2024-11-26T13:54:13.724,91956.2,91956.3,91968.33,91949.74
2024-11-26T13:54:13.744,91956.2,91956.3,91968.266,91949.18
2024-11-26T13:54:13.764,91956.2,91956.3,91968.13,91949.42
2024-11-26T13:54:13.784,91956.2,91956.3,91968.1,91949.445
2024-11-26T13:54:13.804,91956.2,91956.3,91968.27,91949.22
2024-11-26T13:54:13.824,91956.2,91956.3,91968.22,91948.22
2024-11-26T13:54:13.845,91956.2,91956.3,91968.14,91948.516
2024-11-26T13:54:13.864,91956.2,91956.3,91968.125,91948.21
2024-11-26T13:54:13.885,91956.2,91956.3,91968.125,91948.51
2024-11-26T13:54:13.904,91956.2,91956.3,91968.125,91948.64
2024-11-26T13:54:13.925,91956.2,91956.3,91968.125,91948.73
2024-11-26T13:54:13.944,91956.2,91956.3,91968.125,91948.65
2024-11-26T13:54:13.965,91956.2,91956.3,91968.125,91948.664
2024-11-26T13:54:13.985,91956.2,91956.3,91968.125,91948.71
2024-11-26T13:54:14.004,91956.2,91956.3,91968.16,91948.71
2024-11-26T13:54:14.024,91956.2,91956.3,91968.16,91948.7
2024-11-26T13:54:14.045,91956.2,91956.3,91967.99,91948.7
2024-11-26T13:54:14.064,91956.2,91956.3,91968.08,91948.7
2024-11-26T13:54:14.105,91956.2,91956.3,91968.26,91948.695
2024-11-26T13:54:14.124,91956.2,91956.3,91967.78,91948.695
2024-11-26T13:54:14.145,91956.2,91956.3,91967.125,91947.67
2024-11-26T13:54:14.164,91956.2,91956.3,91967.06,91947.89
2024-11-26T13:54:14.185,91956.2,91956.3,91967.11,91947.87
2024-11-26T13:54:14.204,91956.2,91956.3,91967.945,91947.875
2024-11-26T13:54:14.225,91956.2,91956.3,91967.77,91948.01
2024-11-26T13:54:14.244,91956.2,91956.3,91967.77,91948.01
2024-11-26T13:54:14.265,91956.2,91956.3,91967.86,91948.46
2024-11-26T13:54:14.285,91956.2,91956.3,91967.86,91948.516
2024-11-26T13:54:14.304,91956.2,91956.3,91967.86,91948.68
2024-11-26T13:54:14.325,91956.2,91956.3,91967.55,91948.19
2024-11-26T13:54:14.344,91956.2,91956.3,91967.63,91947.664
2024-11-26T13:54:14.364,91956.2,91956.3,91967.63,91947.94
2024-11-26T13:54:14.404,91956.2,91956.3,91967.52,91947.94
2024-11-26T13:54:14.424,91956.2,91956.3,91967.52,91948.164
2024-11-26T13:54:14.444,91956.2,91956.3,91967.52,91948.3
2024-11-26T13:54:14.464,91956.2,91956.3,91967.62,91948.305
2024-11-26T13:54:14.484,91951.5,91951.6,91955.16,91940.45
2024-11-26T13:54:14.504,91951.5,91951.6,91956.414,91940.19
2024-11-26T13:54:14.524,91951.5,91951.6,91956.73,91938.69
2024-11-26T13:54:14.544,91951.5,91951.6,91957.22,91939.07
2024-11-26T13:54:14.564,91951.5,91951.6,91957.23,91937.234
2024-11-26T13:54:14.584,91951.5,91951.6,91957.04,91938.27
2024-11-26T13:54:14.604,91951.5,91951.6,91957.01,91938.29
2024-11-26T13:54:14.624,91951.5,91951.6,91956.97,91938.29
2024-11-26T13:54:14.644,91951.5,91951.6,91956.66,91938.37
2024-11-26T13:54:14.664,91951.5,91951.6,91956.66,91938.266
2024-11-26T13:54:14.684,91951.5,91951.6,91956.66,91938.27
2024-11-26T13:54:14.704,91951.5,91951.6,91956.66,91938.234
2024-11-26T13:54:14.724,91951.5,91951.6,91956.66,91938.24
2024-11-26T13:54:14.744,91951.5,91951.6,91956.66,91938.19
2024-11-26T13:54:14.764,91951.5,91951.6,91956.66,91938.19
2024-11-26T13:54:14.785,91951.5,91951.6,91956.66,91938.2
2024-11-26T13:54:14.824,91951.5,91951.6,91956.766,91938.23
2024-11-26T13:54:14.844,91951.5,91951.6,91956.86,91938.99
2024-11-26T13:54:14.864,91951.5,91951.6,91957.06,91938.945
2024-11-26T13:54:14.885,91951.5,91951.6,91957.26,91939.19
2024-11-26T13:54:14.904,91951.5,91951.6,91958.14,91940.055
2024-11-26T13:54:14.925,91951.5,91951.6,91960.75,91941.55
2024-11-26T13:54:14.944,91951.5,91951.6,91961.516,91942.125
2024-11-26T13:54:14.964,91951.5,91951.6,91961.61,91941.695
2024-11-26T13:54:14.984,91951.5,91951.6,91961.61,91942.38
2024-11-26T13:54:15.004,91951.5,91951.6,91961.836,91942.37
2024-11-26T13:54:15.025,91951.5,91951.6,91961.83,91942.76
2024-11-26T13:54:15.045,91951.5,91951.6,91964.64,91942.164
2024-11-26T13:54:15.064,91951.5,91951.6,91964.69,91943.195
2024-11-26T13:54:15.084,91951.5,91951.6,91964.81,91943.19
2024-11-26T13:54:15.104,91951.5,91951.6,91964.81,91943.234
2024-11-26T13:54:15.124,91951.5,91951.6,91964.734,91943.48
2024-11-26T13:54:15.144,91951.5,91951.6,91964.305,91943.64
2024-11-26T13:54:15.164,91951.5,91951.6,91964.34,91943.586
2024-11-26T13:54:15.184,91951.5,91951.6,91964.36,91943.586
2024-11-26T13:54:15.204,91951.5,91951.6,91964.96,91943.586
2024-11-26T13:54:15.224,91951.5,91951.6,91964.82,91943.586
2024-11-26T13:54:15.244,91951.5,91951.6,91964.82,91943.52
2024-11-26T13:54:15.264,91951.5,91951.6,91964.97,91943.53
2024-11-26T13:54:15.284,91951.5,91951.6,91964.81,91943.53
2024-11-26T13:54:15.304,91951.5,91951.6,91964.664,91943.54
2024-11-26T13:54:15.324,91951.5,91951.6,91964.42,91943.54
2024-11-26T13:54:15.344,91951.5,91951.6,91963.8,91943.54
2024-11-26T13:54:15.364,91951.5,91951.6,91964.055,91943.54
2024-11-26T13:54:15.384,91951.5,91951.6,91964.27,91943.55
2024-11-26T13:54:15.404,91955.4,91956.0,91967.35,91945.98
2024-11-26T13:54:15.424,91955.9,91956.0,91967.836,91948.26
2024-11-26T13:54:15.444,91955.9,91956.0,91967.836,91947.91
2024-11-26T13:54:15.464,91955.9,91956.0,91967.14,91948.65
2024-11-26T13:54:15.484,91955.9,91956.0,91967.91,91950.09
2024-11-26T13:54:15.504,91955.9,91956.0,91967.69,91949.414
2024-11-26T13:54:15.524,91956.2,91956.3,91967.98,91952.43
2024-11-26T13:54:15.544,91956.2,91956.3,91968.195,91953.33
2024-11-26T13:54:15.564,91956.2,91956.3,91968.195,91953.29
2024-11-26T13:54:15.584,91956.7,91956.8,91968.875,91953.336
2024-11-26T13:54:15.604,91959.8,91959.9,91969.78,91952.85
2024-11-26T13:54:15.624,91961.4,91961.5,91970.64,91955.15
2024-11-26T13:54:15.644,91961.4,91961.5,91973.56,91953.234
2024-11-26T13:54:15.664,91962.9,91963.0,91974.31,91959.35
2024-11-26T13:54:15.684,91962.9,91963.0,91975.03,91958.78
2024-11-26T13:54:15.704,91962.9,91963.0,91975.914,91959.56
2024-11-26T13:54:15.724,91962.9,91963.0,91976.04,91959.38
2024-11-26T13:54:15.744,91962.9,91963.0,91976.09,91959.61
2024-11-26T13:54:15.764,91962.9,91963.0,91976.24,91959.18
2024-11-26T13:54:15.784,91962.9,91963.0,91976.48,91959.15
2024-11-26T13:54:15.804,91962.9,91963.0,91976.57,91958.836
2024-11-26T13:54:15.824,91962.9,91963.0,91976.82,91959.086
2024-11-26T13:54:15.844,91966.6,91966.7,91976.7,91961.51
2024-11-26T13:54:15.864,91966.6,91966.7,91976.9,91961.15
2024-11-26T13:54:15.884,91966.6,91966.7,91976.9,91960.94
2024-11-26T13:54:15.904,91966.6,91966.7,91976.8,91960.5
2024-11-26T13:54:15.924,91966.6,91966.7,91976.94,91960.695
2024-11-26T13:54:15.944,91966.7,91966.8,91975.82,91962.055
2024-11-26T13:54:15.964,91966.7,91966.8,91977.65,91962.4
2024-11-26T13:54:15.984,91966.7,91966.8,91980.36,91962.26
2024-11-26T13:54:16.004,91966.7,91966.8,91980.91,91961.29
2024-11-26T13:54:16.024,91966.7,91966.8,91980.96,91962.93
2024-11-26T13:54:16.044,91966.7,91966.8,91980.89,91962.88
2024-11-26T13:54:16.064,91966.7,91966.8,91980.79,91962.83
2024-11-26T13:54:16.084,91966.7,91966.8,91980.87,91962.86
2024-11-26T13:54:16.104,91966.7,91966.8,91979.22,91963.17
2024-11-26T13:54:16.124,91966.7,91966.8,91980.26,91963.016
2024-11-26T13:54:16.144,91966.7,91966.8,91979.25,91963.02
2024-11-26T13:54:16.164,91966.7,91966.8,91977.75,91962.98
2024-11-26T13:54:16.184,91966.7,91966.8,91977.76,91962.9
2024-11-26T13:54:16.204,91966.7,91966.8,91978.29,91962.88
2024-11-26T13:54:16.244,91966.7,91966.8,91978.29,91962.875
2024-11-26T13:54:16.264,91966.7,91966.8,91979.51,91962.88
2024-11-26T13:54:16.284,91966.7,91966.8,91980.586,91962.86
2024-11-26T13:54:16.304,91966.7,91966.8,91980.586,91962.875
2024-11-26T13:54:16.324,91966.7,91966.8,91979.484,91962.875
2024-11-26T13:54:16.364,91966.7,91966.8,91979.484,91962.875
2024-11-26T13:54:16.404,91966.7,91966.8,91978.3,91962.875
2024-11-26T13:54:16.424,91966.7,91966.8,91978.3,91962.53
2024-11-26T13:54:16.444,91966.7,91966.8,91978.3,91962.69
2024-11-26T13:54:16.464,91966.7,91966.8,91978.086,91962.69
2024-11-26T13:54:16.484,91966.7,91966.8,91978.086,91962.695
2024-11-26T13:54:16.504,91966.7,91966.8,91978.086,91962.88
2024-11-26T13:54:16.524,91966.7,91966.8,91978.01,91962.88
2024-11-26T13:54:16.564,91966.7,91966.8,91978.31,91962.88
2024-11-26T13:54:16.584,91966.7,91966.8,91979.48,91962.52
2024-11-26T13:54:16.624,91966.7,91966.8,91979.48,91962.88
2024-11-26T13:54:16.644,91966.7,91966.8,91977.39,91962.875
2024-11-26T13:54:16.664,91966.7,91966.8,91976.87,91962.7
2024-11-26T13:54:16.684,91966.7,91966.8,91976.305,91962.44
2024-11-26T13:54:16.704,91966.7,91966.8,91976.48,91961.875
2024-11-26T13:54:16.724,91966.7,91966.8,91976.32,91959.09
2024-11-26T13:54:16.745,91966.7,91966.8,91976.14,91958.695
2024-11-26T13:54:16.764,91966.7,91966.8,91976.22,91961.08
2024-11-26T13:54:16.785,91966.7,91966.8,91976.266,91961.09
2024-11-26T13:54:16.805,91966.7,91966.8,91976.33,91961.49
2024-11-26T13:54:16.825,91966.7,91966.8,91976.33,91961.49
2024-11-26T13:54:16.844,91966.7,91966.8,91976.53,91961.46
2024-11-26T13:54:16.865,91966.7,91966.8,91975.93,91961.46
2024-11-26T13:54:16.885,91966.7,91966.8,91975.89,91961.37
2024-11-26T13:54:16.905,91966.7,91966.8,91975.98,91961.37
2024-11-26T13:54:16.924,91966.7,91966.8,91975.9,91960.88
2024-11-26T13:54:16.944,91966.7,91966.8,91975.84,91960.56
2024-11-26T13:54:16.964,91966.7,91966.8,91975.84,91960.56
2024-11-26T13:54:16.984,91966.7,91966.8,91975.78,91960.57
2024-11-26T13:54:17.004,91966.7,91966.8,91976.09,91960.57
2024-11-26T13:54:17.024,91966.7,91966.8,91976.6,91958.875
2024-11-26T13:54:17.044,91966.7,91966.8,91976.46,91959.48
2024-11-26T13:54:17.064,91966.7,91966.8,91975.88,91958.695
2024-11-26T13:54:17.084,91966.6,91966.7,91971.195,91957.02
2024-11-26T13:54:17.104,91966.6,91966.7,91971.71,91956.99
2024-11-26T13:54:17.124,91966.6,91966.7,91971.71,91957.04
2024-11-26T13:54:17.144,91966.6,91966.7,91971.71,91956.734
2024-11-26T13:54:17.164,91966.6,91966.7,91971.67,91956.92
2024-11-26T13:54:17.184,91966.6,91966.7,91971.66,91956.86
2024-11-26T13:54:17.204,91966.6,91966.7,91971.69,91955.695
2024-11-26T13:54:17.224,91962.1,91962.2,91970.69,91953.22
2024-11-26T13:54:17.244,91962.1,91962.2,91968.17,91952.15
2024-11-26T13:54:17.264,91956.5,91956.6,91962.07,91948.93
2024-11-26T13:54:17.284,91956.0,91956.1,91962.16,91948.29
2024-11-26T13:54:17.304,91952.3,91952.4,91955.95,91948.836
2024-11-26T13:54:17.324,91952.3,91952.4,91959.016,91948.39
2024-11-26T13:54:17.344,91952.3,91952.4,91960.875,91948.53
2024-11-26T13:54:17.364,91952.3,91952.4,91961.02,91948.55
2024-11-26T13:54:17.384,91952.3,91952.4,91960.11,91948.65
2024-11-26T13:54:17.404,91952.3,91952.4,91959.97,91948.625
2024-11-26T13:54:17.425,91952.3,91952.4,91959.984,91948.61
2024-11-26T13:54:17.444,91952.3,91952.4,91959.93,91948.61
2024-11-26T13:54:17.464,91952.3,91952.4,91959.25,91945.945
2024-11-26T13:54:17.484,91952.3,91952.4,91959.195,91945.4
2024-11-26T13:54:17.504,91952.3,91952.4,91959.195,91944.99
2024-11-26T13:54:17.524,91952.3,91952.4,91959.41,91945.1
2024-11-26T13:54:17.544,91952.3,91952.4,91959.484,91945.1
2024-11-26T13:54:17.564,91952.3,91952.4,91959.34,91944.77
2024-11-26T13:54:17.584,91952.3,91952.4,91960.93,91946.664
2024-11-26T13:54:17.604,91952.3,91952.4,91962.414,91946.69
2024-11-26T13:54:17.624,91952.3,91952.4,91964.67,91946.875
2024-11-26T13:54:17.644,91952.3,91952.4,91966.53,91946.74
2024-11-26T13:54:17.664,91952.3,91952.4,91966.53,91947.02
2024-11-26T13:54:17.684,91952.3,91952.4,91966.3,91946.67
2024-11-26T13:54:17.704,91952.3,91952.4,91965.234,91946.95
2024-11-26T13:54:17.724,91952.3,91952.4,91965.25,91946.95
2024-11-26T13:54:17.744,91952.3,91952.4,91965.25,91947.21
2024-11-26T13:54:17.784,91952.3,91952.4,91965.39,91947.125
2024-11-26T13:54:17.825,91952.3,91952.4,91965.39,91947.125
2024-11-26T13:54:17.864,91952.3,91952.4,91966.234,91946.96
2024-11-26T13:54:17.904,91952.3,91952.4,91965.18,91946.94
2024-11-26T13:54:17.965,91952.3,91952.4,91965.18,91946.945
2024-11-26T13:54:17.984,91952.3,91952.4,91965.17,91946.945
2024-11-26T13:54:18.004,91952.3,91952.4,91965.07,91946.97
2024-11-26T13:54:18.025,91952.3,91952.4,91965.07,91946.95
2024-11-26T13:54:18.084,91952.3,91952.4,91965.12,91946.945
2024-11-26T13:54:18.105,91952.3,91952.4,91966.92,91947.04
2024-11-26T13:54:18.124,91952.3,91952.4,91968.24,91946.625
2024-11-26T13:54:18.144,91952.3,91952.4,91968.67,91946.55
2024-11-26T13:54:18.164,91952.3,91952.4,91969.29,91946.625
2024-11-26T13:54:18.184,91952.3,91952.4,91968.664,91947.17
2024-11-26T13:54:18.204,91952.3,91952.4,91968.734,91947.44
2024-11-26T13:54:18.224,91952.3,91952.4,91969.05,91947.44
2024-11-26T13:54:18.244,91952.3,91952.4,91968.75,91947.53
2024-11-26T13:54:18.264,91952.3,91952.4,91968.83,91947.375
2024-11-26T13:54:18.284,91960.2,91960.3,91971.695,91950.945
2024-11-26T13:54:18.304,91960.2,91960.3,91971.54,91952.38
2024-11-26T13:54:18.324,91960.3,91960.4,91974.06,91951.836
2024-11-26T13:54:18.344,91961.7,91961.8,91974.2,91954.54
2024-11-26T13:54:18.364,91961.7,91961.8,91974.695,91955.55
2024-11-26T13:54:18.384,91962.2,91962.3,91975.016,91956.086
2024-11-26T13:54:18.404,91963.9,91964.0,91974.914,91959.36
2024-11-26T13:54:18.424,91966.7,91966.8,91976.59,91962.734
2024-11-26T13:54:18.444,91966.7,91966.8,91977.12,91962.81
2024-11-26T13:54:18.464,91966.7,91966.8,91976.69,91962.39
2024-11-26T13:54:18.484,91966.7,91966.8,91976.73,91962.64
2024-11-26T13:54:18.504,91966.7,91966.8,91977.5,91962.51
2024-11-26T13:54:18.524,91966.7,91966.8,91978.43,91962.52
2024-11-26T13:54:18.544,91966.7,91966.8,91979.84,91962.52
2024-11-26T13:54:18.564,91966.7,91966.8,91979.92,91962.53
2024-11-26T13:54:18.584,91966.7,91966.8,91981.31,91962.73
2024-11-26T13:54:18.604,91966.7,91966.8,91980.64,91963.02
2024-11-26T13:54:18.624,91966.7,91966.8,91980.5,91962.78
2024-11-26T13:54:18.644,91966.7,91966.8,91980.5,91962.7
2024-11-26T13:54:18.684,91966.7,91966.8,91980.5,91962.72
2024-11-26T13:54:18.724,91966.7,91966.8,91980.5,91963.06
2024-11-26T13:54:18.744,91966.7,91966.8,91980.62,91963.06
2024-11-26T13:54:18.764,91966.7,91966.8,91980.555,91963.01
2024-11-26T13:54:18.784,91966.7,91966.8,91980.22,91963.01
2024-11-26T13:54:18.804,91966.7,91966.8,91979.94,91963.09
2024-11-26T13:54:18.844,91966.7,91966.8,91980.06,91963.09
2024-11-26T13:54:18.864,91966.7,91966.8,91980.02,91963.02
2024-11-26T13:54:18.904,91966.7,91966.8,91979.91,91963.02
2024-11-26T13:54:18.924,91966.7,91966.8,91979.91,91962.734
2024-11-26T13:54:18.944,91966.7,91966.8,91979.34,91962.72
2024-11-26T13:54:18.964,91966.7,91966.8,91979.3,91962.95
2024-11-26T13:54:18.984,91966.7,91966.8,91979.3,91962.96
2024-11-26T13:54:19.004,91966.7,91966.8,91979.3,91962.64
2024-11-26T13:54:19.024,91966.7,91966.8,91979.35,91962.92
2024-11-26T13:54:19.044,91966.7,91966.8,91979.91,91962.94
2024-11-26T13:54:19.064,91971.7,91971.8,91983.68,91965.05
2024-11-26T13:54:19.084,91971.7,91971.8,91984.58,91965.91
2024-11-26T13:54:19.104,91971.7,91971.8,91984.23,91967.21
2024-11-26T13:54:19.124,91971.7,91971.8,91984.375,91967.02
2024-11-26T13:54:19.144,91971.7,91971.8,91984.04,91967.71
2024-11-26T13:54:19.164,91971.7,91971.8,91984.086,91967.17
2024-11-26T13:54:19.184,91971.7,91971.8,91984.26,91967.41
2024-11-26T13:54:19.204,91971.7,91971.8,91984.21,91967.5
2024-11-26T13:54:19.224,91971.7,91971.8,91984.71,91967.16
2024-11-26T13:54:19.244,91971.7,91971.8,91984.516,91967.16
2024-11-26T13:54:19.264,91971.7,91971.8,91985.04,91967.19
2024-11-26T13:54:19.284,91971.7,91971.8,91984.8,91967.41
2024-11-26T13:54:19.304,91971.7,91971.8,91985.02,91967.63
2024-11-26T13:54:19.324,91971.7,91971.8,91985.02,91967.58
2024-11-26T13:54:19.344,91971.7,91971.8,91984.99,91967.58
2024-11-26T13:54:19.364,91971.7,91971.8,91984.99,91967.625
2024-11-26T13:54:19.384,91971.7,91971.8,91985.3,91967.63
2024-11-26T13:54:19.405,91971.7,91971.8,91985.33,91967.65
2024-11-26T13:54:19.464,91971.7,91971.8,91985.266,91967.69
2024-11-26T13:54:19.484,91971.7,91971.8,91985.03,91967.78
2024-11-26T13:54:19.504,91971.7,91971.8,91984.99,91967.555
2024-11-26T13:54:19.544,91971.7,91971.8,91985.06,91967.555
2024-11-26T13:54:19.564,91971.7,91971.8,91985.3,91967.555
2024-11-26T13:54:19.604,91971.7,91971.8,91984.57,91967.52
2024-11-26T13:54:19.624,91971.7,91971.8,91984.5,91967.52
2024-11-26T13:54:19.644,91971.7,91971.8,91984.49,91967.52
2024-11-26T13:54:19.664,91971.7,91971.8,91984.49,91967.56
2024-11-26T13:54:19.684,91971.7,91971.8,91984.49,91967.555
2024-11-26T13:54:19.704,91971.7,91971.8,91985.01,91967.555
2024-11-26T13:54:19.724,91971.7,91971.8,91984.8,91967.555
2024-11-26T13:54:19.744,91971.7,91971.8,91984.8,91967.57
2024-11-26T13:54:19.784,91971.7,91971.8,91984.734,91967.945
2024-11-26T13:54:19.824,91971.7,91971.8,91984.664,91967.94
2024-11-26T13:54:19.864,91971.7,91971.8,91984.73,91967.57
2024-11-26T13:54:19.904,91971.7,91971.8,91987.03,91967.52
2024-11-26T13:54:19.924,91971.7,91971.8,91987.04,91967.53
2024-11-26T13:54:19.944,91971.7,91971.8,91986.65,91967.766
2024-11-26T13:54:19.964,91971.7,91971.8,91986.61,91967.66
2024-11-26T13:54:19.984,91971.7,91971.8,91986.58,91967.71
2024-11-26T13:54:20.004,91971.7,91971.8,91986.51,91967.71
2024-11-26T13:54:20.024,91971.7,91971.8,91986.51,91967.7
2024-11-26T13:54:20.044,91971.7,91971.8,91986.58,91967.7
2024-11-26T13:54:20.064,91971.7,91971.8,91986.36,91967.734
2024-11-26T13:54:20.084,91971.7,91971.8,91986.51,91967.91
2024-11-26T13:54:20.104,91971.7,91971.8,91986.38,91967.91
2024-11-26T13:54:20.124,91974.7,91974.8,91985.71,91968.81
2024-11-26T13:54:20.145,91974.7,91974.8,91984.61,91968.984
2024-11-26T13:54:20.164,91974.7,91974.8,91984.62,91968.35
2024-11-26T13:54:20.184,91974.7,91974.8,91985.06,91968.85
2024-11-26T13:54:20.204,91974.7,91974.8,91985.06,91968.734
2024-11-26T13:54:20.224,91974.7,91974.8,91985.05,91968.57
2024-11-26T13:54:20.244,91974.7,91974.8,91984.9,91968.58
2024-11-26T13:54:20.265,91974.7,91974.8,91984.73,91968.63
2024-11-26T13:54:20.284,91974.7,91974.8,91984.73,91968.73
2024-11-26T13:54:20.324,91974.7,91974.8,91985.59,91968.96
2024-11-26T13:54:20.344,91975.9,91976.0,91986.945,91968.91
2024-11-26T13:54:20.364,91975.9,91976.0,91986.945,91969.914
2024-11-26T13:54:20.384,91975.9,91976.0,91986.36,91969.914
2024-11-26T13:54:20.404,91975.9,91976.0,91987.39,91969.97
2024-11-26T13:54:20.424,91975.9,91976.0,91987.49,91970.12
2024-11-26T13:54:20.444,91975.9,91976.0,91988.33,91969.97
2024-11-26T13:54:20.464,91975.9,91976.0,91986.98,91969.84
2024-11-26T13:54:20.484,91975.9,91976.0,91986.836,91969.43
2024-11-26T13:54:20.506,91975.9,91976.0,91986.98,91969.6
2024-11-26T13:54:20.524,91975.9,91976.0,91988.375,91969.66
2024-11-26T13:54:20.544,91975.9,91976.0,91987.2,91969.98
2024-11-26T13:54:20.564,91975.9,91976.0,91987.66,91969.945
2024-11-26T13:54:20.584,91975.9,91976.0,91988.23,91969.914
2024-11-26T13:54:20.604,91975.9,91976.0,91988.58,91969.93
2024-11-26T13:54:20.644,91976.0,91976.1,91988.66,91971.91
2024-11-26T13:54:20.664,91976.0,91976.1,91988.9,91970.76
2024-11-26T13:54:20.685,91976.0,91976.1,91989.86,91970.766
2024-11-26T13:54:20.704,91976.0,91976.1,91990.33,91970.21
2024-11-26T13:54:20.724,91976.0,91976.1,91990.4,91971.19
2024-11-26T13:54:20.744,91976.0,91976.1,91990.28,91971.164
2024-11-26T13:54:20.764,91978.7,91978.8,91990.555,91974.36
2024-11-26T13:54:20.784,91978.7,91978.8,91990.42,91974.234
2024-11-26T13:54:20.804,91978.7,91978.8,91990.555,91974.92
2024-11-26T13:54:20.824,91981.3,91981.4,91990.984,91977.055
2024-11-26T13:54:20.844,91981.3,91981.4,91991.086,91978.26
2024-11-26T13:54:20.864,91981.3,91981.4,91991.625,91978.11
2024-11-26T13:54:20.884,91981.3,91981.4,91991.45,91977.4
2024-11-26T13:54:20.904,91981.3,91981.4,91991.47,91978.24
2024-11-26T13:54:20.924,91986.3,91986.4,91991.375,91978.78
2024-11-26T13:54:20.944,91986.3,91986.4,91993.45,91979.5
2024-11-26T13:54:20.964,91986.3,91986.4,91999.59,91979.59
2024-11-26T13:54:20.984,91986.3,91986.4,91999.67,91981.34
2024-11-26T13:54:21.004,91986.3,91986.4,91999.68,91981.76
2024-11-26T13:54:21.024,91986.3,91986.4,91999.75,91981.84
2024-11-26T13:54:21.044,91986.3,91986.4,91999.77,91981.85
2024-11-26T13:54:21.064,91986.3,91986.4,91999.83,91981.99
2024-11-26T13:54:21.084,91986.3,91986.4,91999.75,91982.24
2024-11-26T13:54:21.104,91986.3,91986.4,91999.734,91981.98
2024-11-26T13:54:21.124,91986.3,91986.4,91999.734,91982.05
2024-11-26T13:54:21.144,91986.3,91986.4,91999.75,91982.234
2024-11-26T13:54:21.164,91986.3,91986.4,91999.78,91982.04
2024-11-26T13:54:21.184,91990.6,91990.7,91999.84,91985.01
2024-11-26T13:54:21.204,91990.6,91990.7,91999.99,91985.555
2024-11-26T13:54:21.224,91990.6,91990.7,91999.96,91984.805
2024-11-26T13:54:21.244,91990.6,91990.7,91999.92,91984.625
2024-11-26T13:54:21.264,91995.2,91995.3,91999.87,91987.35
2024-11-26T13:54:21.284,91995.2,91995.3,92000.234,91985.72
2024-11-26T13:54:21.304,91995.2,91995.3,92000.195,91984.92
2024-11-26T13:54:21.324,91995.2,91995.3,92000.23,91984.17
2024-11-26T13:54:21.344,91995.2,91995.3,92000.16,91984.32
2024-11-26T13:54:21.364,91995.2,91995.3,92000.15,91984.266
2024-11-26T13:54:21.385,91995.2,91995.3,92000.13,91985.16
2024-11-26T13:54:21.404,91995.2,91995.3,92000.12,91986.74
2024-11-26T13:54:21.424,91995.2,91995.3,92000.16,91985.94
2024-11-26T13:54:21.445,91995.2,91995.3,92000.16,91986.71
2024-11-26T13:54:21.465,91995.2,91995.3,91999.89,91986.07
2024-11-26T13:54:21.484,91995.2,91995.3,91999.89,91986.48
2024-11-26T13:54:21.504,91995.2,91995.3,91999.89,91986.22
2024-11-26T13:54:21.524,91995.2,91995.3,91999.89,91985.73
2024-11-26T13:54:21.564,91995.2,91995.3,91999.89,91985.78
2024-11-26T13:54:21.584,91995.4,91995.5,92000.414,91986.73
2024-11-26T13:54:21.604,91995.4,91995.5,92000.39,91989.195
2024-11-26T13:54:21.624,91995.4,91995.5,92000.36,91988.96
2024-11-26T13:54:21.644,91995.4,91995.5,92000.26,91988.74
2024-11-26T13:54:21.664,91995.4,91995.5,92000.234,91989.89
2024-11-26T13:54:21.684,91995.4,91995.5,92000.875,91991.88
2024-11-26T13:54:21.704,91995.4,91995.5,92000.32,91991.484
2024-11-26T13:54:21.724,91995.4,91995.5,92000.125,91991.59
2024-11-26T13:54:21.745,91995.4,91995.5,92000.23,91991.625
2024-11-26T13:54:21.764,91995.4,91995.5,92000.195,91991.555
2024-11-26T13:54:21.785,91995.4,91995.5,92000.72,91991.46
2024-11-26T13:54:21.804,91995.4,91995.5,92000.87,91991.68
2024-11-26T13:54:21.825,91995.4,91995.5,92000.87,91991.66
2024-11-26T13:54:21.844,91995.4,91995.5,92000.86,91991.336
2024-11-26T13:54:21.864,91995.4,91995.5,92000.73,91990.984
2024-11-26T13:54:21.885,91995.4,91995.5,92000.81,91990.6
2024-11-26T13:54:21.904,91995.4,91995.5,92000.94,91987.05
2024-11-26T13:54:21.924,91995.4,91995.5,92000.99,91987.06
2024-11-26T13:54:21.944,91995.4,91995.5,92000.914,91987.08
2024-11-26T13:54:21.964,91995.4,91995.5,92000.92,91986.52
2024-11-26T13:54:21.984,91995.4,91995.5,92000.92,91986.4
2024-11-26T13:54:22.004,91995.4,91995.5,92001.14,91986.4
2024-11-26T13:54:22.024,91995.4,91995.5,92001.17,91986.4
2024-11-26T13:54:22.044,91995.4,91995.5,92001.17,91986.516
2024-11-26T13:54:22.064,91995.4,91995.5,92001.17,91985.79
2024-11-26T13:54:22.084,91995.4,91995.5,92001.16,91985.94
2024-11-26T13:54:22.124,91995.4,91995.5,92001.16,91985.945
2024-11-26T13:54:22.144,91995.4,91995.5,92001.164,91985.91
2024-11-26T13:54:22.164,91995.4,91995.5,92001.164,91986.19
2024-11-26T13:54:22.184,91995.4,91995.5,92001.17,91986.2
2024-11-26T13:54:22.224,91995.4,91995.5,92001.16,91986.2
2024-11-26T13:54:22.244,91995.4,91995.5,92001.0,91986.625
2024-11-26T13:54:22.264,91995.4,91995.5,92000.984,91986.695
2024-11-26T13:54:22.284,91995.4,91995.5,92000.96,91986.68
2024-11-26T13:54:22.304,91995.4,91995.5,92000.97,91986.68
2024-11-26T13:54:22.324,91995.4,91995.5,92000.97,91986.67
2024-11-26T13:54:22.344,91995.4,91995.5,92000.945,91986.67
2024-11-26T13:54:22.364,91995.4,91995.5,92000.945,91986.35
2024-11-26T13:54:22.384,91995.4,91995.5,92000.945,91986.34
2024-11-26T13:54:22.404,91995.4,91995.5,92000.945,91986.336
2024-11-26T13:54:22.444,91995.4,91995.5,92000.945,91986.29
2024-11-26T13:54:22.464,91995.4,91995.5,92000.945,91986.29
2024-11-26T13:54:22.484,91995.4,91995.5,92000.945,91986.305
2024-11-26T13:54:22.504,91995.4,91995.5,92000.94,91986.305
2024-11-26T13:54:22.524,91995.4,91995.5,92000.94,91986.29
2024-11-26T13:54:22.544,91995.4,91995.5,92000.94,91986.65
2024-11-26T13:54:22.564,91995.4,91995.5,92001.11,91986.68
2024-11-26T13:54:22.584,91995.4,91995.5,92001.13,91986.27
2024-11-26T13:54:22.604,91995.4,91995.5,92001.13,91986.61
2024-11-26T13:54:22.624,91995.4,91995.5,92001.13,91986.78
2024-11-26T13:54:22.644,91995.4,91995.5,92001.15,91986.445
2024-11-26T13:54:22.664,91995.4,91995.5,92001.16,91986.445
2024-11-26T13:54:22.724,91995.4,91995.5,92001.16,91986.54
2024-11-26T13:54:22.744,91995.4,91995.5,92001.13,91986.54
2024-11-26T13:54:22.804,91995.4,91995.5,92001.14,91986.51
2024-11-26T13:54:22.824,91995.4,91995.5,92001.13,91986.71
2024-11-26T13:54:22.844,91995.4,91995.5,92001.125,91986.71
2024-11-26T13:54:22.864,91990.5,91990.6,91999.195,91986.7
2024-11-26T13:54:22.884,91990.5,91990.6,91999.47,91986.99
2024-11-26T13:54:22.904,91990.5,91990.6,91998.625,91986.75
2024-11-26T13:54:22.924,91990.5,91990.6,91998.62,91986.69
2024-11-26T13:54:22.944,91990.5,91990.6,91998.57,91986.84
2024-11-26T13:54:22.964,91990.5,91990.6,91998.61,91987.14
2024-11-26T13:54:22.984,91990.5,91990.6,91998.78,91987.14
2024-11-26T13:54:23.004,91990.5,91990.6,91998.75,91987.12
2024-11-26T13:54:23.024,91990.5,91990.6,91998.695,91987.11
2024-11-26T13:54:23.044,91990.5,91990.6,91998.695,91987.17
2024-11-26T13:54:23.064,91990.5,91990.6,91998.734,91986.99
2024-11-26T13:54:23.084,91990.5,91990.6,91998.75,91986.94
2024-11-26T13:54:23.104,91989.0,91989.1,91996.68,91986.445
2024-11-26T13:54:23.124,91989.0,91989.1,91997.92,91986.6
2024-11-26T13:54:23.144,91989.0,91989.1,91998.52,91986.586
2024-11-26T13:54:23.164,91989.0,91989.1,91998.88,91986.766
2024-11-26T13:54:23.184,91989.0,91989.1,91998.99,91986.82
2024-11-26T13:54:23.204,91989.0,91989.1,91999.664,91986.87
2024-11-26T13:54:23.224,91989.0,91989.1,92000.05,91986.86
2024-11-26T13:54:23.245,91989.0,91989.1,91999.99,91986.86
2024-11-26T13:54:23.264,91989.0,91989.1,91999.95,91986.85
2024-11-26T13:54:23.284,91989.0,91989.1,91999.65,91986.71
2024-11-26T13:54:23.304,91989.0,91989.1,91999.766,91984.0
2024-11-26T13:54:23.324,91989.0,91989.1,91999.78,91983.91
2024-11-26T13:54:23.344,91989.8,91989.9,92000.016,91984.43
2024-11-26T13:54:23.364,91989.8,91990.6,92000.0,91986.28
2024-11-26T13:54:23.384,91990.5,91990.6,91999.89,91987.06
2024-11-26T13:54:23.404,91990.5,91990.6,91999.67,91986.49
2024-11-26T13:54:23.424,91990.5,91990.6,91998.93,91985.516
2024-11-26T13:54:23.444,91990.5,91990.6,91998.945,91986.18
2024-11-26T13:54:23.464,91990.5,91990.6,91998.93,91985.5
2024-11-26T13:54:23.485,91990.5,91990.6,91999.37,91985.664
2024-11-26T13:54:23.504,91990.5,91990.6,91999.664,91985.664
2024-11-26T13:54:23.525,91990.5,91990.6,92000.04,91985.664
2024-11-26T13:54:23.544,91990.5,91990.6,92000.09,91986.055
2024-11-26T13:54:23.565,91990.5,91990.6,92000.13,91986.055
2024-11-26T13:54:23.584,91990.5,91990.6,91999.96,91985.69
2024-11-26T13:54:23.604,91990.5,91990.6,91999.7,91985.69
2024-11-26T13:54:23.624,91990.5,91990.6,92000.0,91985.68
2024-11-26T13:54:23.644,91990.5,91990.6,92000.09,91985.92
2024-11-26T13:54:23.664,91990.5,91990.6,92000.09,91985.92
2024-11-26T13:54:23.704,91990.5,91990.6,92000.12,91985.92
2024-11-26T13:54:23.764,91990.5,91990.6,92000.12,91985.92
2024-11-26T13:54:23.784,91990.5,91990.6,92000.09,91985.914
2024-11-26T13:54:23.804,91990.5,91990.6,91999.945,91985.914
2024-11-26T13:54:23.824,91990.5,91990.6,91999.88,91985.914
2024-11-26T13:54:23.844,91990.5,91990.6,91999.875,91985.88
2024-11-26T13:54:23.864,91990.5,91990.6,91999.79,91985.65
2024-11-26T13:54:23.884,91990.5,91990.6,91999.766,91985.65
2024-11-26T13:54:23.904,91990.5,91990.6,91999.766,91985.65
2024-11-26T13:54:23.924,91990.5,91990.6,91999.76,91985.65
2024-11-26T13:54:23.944,91990.5,91990.6,91999.92,91985.65
2024-11-26T13:54:23.964,91990.5,91990.6,91999.98,91985.625
2024-11-26T13:54:23.984,91995.3,91995.4,92001.195,91990.22
2024-11-26T13:54:24.004,91995.3,91995.4,92000.836,91985.35
2024-11-26T13:54:24.024,91992.0,91992.1,91998.77,91985.42
2024-11-26T13:54:24.044,91992.0,91992.1,91999.13,91985.09
2024-11-26T13:54:24.074,91992.0,91992.1,91999.375,91984.92
2024-11-26T13:54:24.084,91992.0,91992.1,91999.21,91984.89
2024-11-26T13:54:24.104,91992.0,91992.1,91999.07,91985.0
2024-11-26T13:54:24.125,91992.0,91992.1,91999.09,91985.51
2024-11-26T13:54:24.145,91992.0,91992.1,91999.15,91985.51
2024-11-26T13:54:24.165,91992.0,91992.1,91999.17,91985.52
2024-11-26T13:54:24.184,91992.0,91992.1,91999.4,91985.1
2024-11-26T13:54:24.204,91992.0,91992.1,91999.46,91985.08
2024-11-26T13:54:24.224,91992.0,91992.1,91999.37,91985.12
2024-11-26T13:54:24.245,91992.0,91992.1,91999.4,91985.12
2024-11-26T13:54:24.304,91992.0,91992.1,91999.4,91985.11
2024-11-26T13:54:24.344,91992.0,91992.1,91999.375,91985.13
2024-11-26T13:54:24.365,91992.0,91992.1,91999.34,91985.055
2024-11-26T13:54:24.384,91992.0,91992.1,91999.48,91985.055
2024-11-26T13:54:24.405,91992.0,91992.1,91999.25,91985.055
2024-11-26T13:54:24.424,91992.0,91992.1,91999.12,91985.125
2024-11-26T13:54:24.444,91992.0,91992.1,91999.2,91985.164
2024-11-26T13:54:24.485,91992.0,91992.1,91999.24,91985.164
2024-11-26T13:54:24.504,91992.0,91992.1,91999.12,91985.08
2024-11-26T13:54:24.545,91992.0,91992.1,91999.33,91985.11
2024-11-26T13:54:24.564,91992.0,91992.1,91999.336,91985.25
2024-11-26T13:54:24.585,91992.0,91992.1,91999.336,91985.234
2024-11-26T13:54:24.604,91992.0,91992.1,91999.33,91985.06
2024-11-26T13:54:24.624,91992.0,91992.1,91999.305,91985.08
2024-11-26T13:54:24.644,91992.0,91992.1,91999.25,91984.91
2024-11-26T13:54:24.664,91992.0,91992.1,91999.555,91984.85
2024-11-26T13:54:24.684,91992.0,91992.1,91999.58,91984.47
2024-11-26T13:54:24.704,91992.0,91992.1,91999.58,91984.26
2024-11-26T13:54:24.744,91992.0,91992.1,91999.58,91984.26
2024-11-26T13:54:24.784,91992.0,91992.1,91999.58,91984.23
2024-11-26T13:54:24.824,91992.0,91992.1,91999.58,91984.01
2024-11-26T13:54:24.844,91992.0,91992.1,91999.57,91983.46
2024-11-26T13:54:24.864,91992.0,91992.1,91999.52,91983.37
2024-11-26T13:54:24.884,91992.0,91992.1,91999.52,91983.29
2024-11-26T13:54:24.904,91992.0,91992.1,91999.52,91983.016
2024-11-26T13:54:24.924,91992.0,91992.1,91999.52,91983.016
2024-11-26T13:54:24.944,91992.0,91992.1,91999.52,91983.016
2024-11-26T13:54:24.984,91992.0,91992.1,91999.52,91982.94
2024-11-26T13:54:25.004,91992.0,91992.1,91999.5,91982.94
2024-11-26T13:54:25.024,91992.0,91992.1,91999.52,91982.91
2024-11-26T13:54:25.044,91992.0,91992.1,91999.5,91982.91
2024-11-26T13:54:25.064,91992.0,91992.1,91999.52,91982.914
2024-11-26T13:54:25.084,91992.0,91992.1,91999.52,91982.94
2024-11-26T13:54:25.104,91991.8,91991.9,91998.5,91982.89
2024-11-26T13:54:25.124,91989.7,91989.8,91997.46,91982.85
2024-11-26T13:54:25.144,91989.7,91989.8,91997.94,91982.9
2024-11-26T13:54:25.164,91989.7,91989.8,91998.06,91982.02
2024-11-26T13:54:25.184,91989.7,91989.8,91998.07,91981.79
2024-11-26T13:54:25.204,91989.7,91989.8,91998.12,91981.91
2024-11-26T13:54:25.224,91989.7,91989.8,91998.12,91981.54
2024-11-26T13:54:25.244,91989.7,91989.8,91998.12,91981.55
2024-11-26T13:54:25.264,91989.7,91989.8,91998.16,91981.65
2024-11-26T13:54:25.284,91989.7,91989.8,91998.13,91981.61
2024-11-26T13:54:25.324,91989.7,91989.8,91998.14,91981.61
2024-11-26T13:54:25.344,91989.7,91989.8,91998.2,91981.73
2024-11-26T13:54:25.364,91989.7,91989.8,91998.24,91983.266
2024-11-26T13:54:25.385,91989.7,91989.8,91998.16,91983.49
2024-11-26T13:54:25.405,91989.7,91989.8,91998.19,91983.72
2024-11-26T13:54:25.425,91989.7,91989.8,91998.3,91983.76
2024-11-26T13:54:25.444,91989.7,91989.8,91999.16,91984.4
2024-11-26T13:54:25.464,91989.7,91989.8,92000.086,91984.664
2024-11-26T13:54:25.484,91989.7,91989.9,92000.14,91984.164
2024-11-26T13:54:25.504,91991.9,91992.0,92000.14,91988.08
2024-11-26T13:54:25.524,91991.9,91992.0,91999.91,91986.08
2024-11-26T13:54:25.544,91991.9,91992.0,91999.945,91985.81
2024-11-26T13:54:25.564,91991.9,91992.0,92000.05,91986.7
2024-11-26T13:54:25.584,91991.9,91992.0,92000.234,91986.0
2024-11-26T13:54:25.604,91991.9,91992.0,92000.05,91985.45
2024-11-26T13:54:25.624,91991.9,91992.0,91999.695,91985.32
2024-11-26T13:54:25.644,91991.9,91992.0,91999.69,91984.44
2024-11-26T13:54:25.664,91991.9,91992.0,91999.98,91985.02
2024-11-26T13:54:25.685,91991.9,91992.0,91999.984,91983.375
2024-11-26T13:54:25.704,91991.9,91992.0,91999.99,91983.12
2024-11-26T13:54:25.724,91991.9,91992.0,91999.93,91983.086
2024-11-26T13:54:25.744,91991.9,91992.0,91999.86,91982.47
2024-11-26T13:54:25.764,91989.7,91989.8,91998.85,91981.836
2024-11-26T13:54:25.784,91989.1,91989.2,91997.99,91981.484
2024-11-26T13:54:25.804,91986.2,91986.3,91993.62,91978.125
2024-11-26T13:54:25.824,91986.2,91986.3,91995.52,91977.45
2024-11-26T13:54:25.844,91982.9,91983.0,91988.76,91976.195
2024-11-26T13:54:25.864,91982.5,91982.6,91984.71,91974.18
2024-11-26T13:54:25.884,91981.7,91981.8,91985.19,91971.3
2024-11-26T13:54:25.904,91981.3,91981.4,91984.94,91969.48
2024-11-26T13:54:25.924,91975.7,91975.8,91980.89,91967.56
2024-11-26T13:54:25.944,91975.7,91975.8,91982.18,91967.03
2024-11-26T13:54:25.964,91975.7,91975.8,91982.54,91967.38
2024-11-26T13:54:25.984,91975.7,91975.8,91983.555,91967.38
2024-11-26T13:54:26.004,91975.7,91975.8,91983.914,91967.43
2024-11-26T13:54:26.024,91975.7,91975.8,91985.04,91967.41
2024-11-26T13:54:26.044,91975.7,91975.8,91984.06,91967.48
2024-11-26T13:54:26.064,91975.7,91975.8,91984.06,91967.43
2024-11-26T13:54:26.084,91975.7,91975.8,91984.04,91967.42
2024-11-26T13:54:26.124,91975.7,91975.8,91984.04,91967.445
2024-11-26T13:54:26.144,91975.7,91975.8,91984.03,91967.43
2024-11-26T13:54:26.164,91975.7,91975.8,91983.65,91967.35
2024-11-26T13:54:26.184,91975.7,91975.8,91983.65,91967.35
2024-11-26T13:54:26.204,91975.7,91975.8,91983.625,91967.36
2024-11-26T13:54:26.224,91975.7,91975.8,91982.95,91967.36
2024-11-26T13:54:26.264,91975.7,91975.8,91982.95,91967.35
2024-11-26T13:54:26.284,91975.7,91975.8,91982.016,91967.35
2024-11-26T13:54:26.304,91975.7,91975.8,91982.016,91967.31
2024-11-26T13:54:26.324,91975.7,91975.8,91982.05,91967.305
2024-11-26T13:54:26.344,91975.7,91975.8,91983.98,91967.305
2024-11-26T13:54:26.364,91975.7,91975.8,91983.984,91967.29
2024-11-26T13:54:26.404,91975.7,91975.8,91983.984,91967.4
2024-11-26T13:54:26.424,91975.7,91975.8,91982.02,91967.41
2024-11-26T13:54:26.444,91975.7,91975.8,91982.055,91967.41
2024-11-26T13:54:26.484,91975.7,91975.8,91982.055,91967.4
2024-11-26T13:54:26.504,91975.7,91975.8,91982.06,91967.4
2024-11-26T13:54:26.524,91975.7,91975.8,91982.06,91967.41
2024-11-26T13:54:26.564,91975.7,91975.8,91981.984,91967.44
2024-11-26T13:54:26.584,91975.7,91975.8,91981.99,91968.42
2024-11-26T13:54:26.604,91975.7,91975.8,91984.57,91968.12
2024-11-26T13:54:26.624,91975.7,91975.8,91984.46,91968.12
2024-11-26T13:54:26.644,91975.7,91975.8,91984.37,91968.234
2024-11-26T13:54:26.664,91975.7,91975.8,91984.37,91967.86
2024-11-26T13:54:26.724,91975.7,91975.8,91984.38,91967.82
2024-11-26T13:54:26.744,91975.7,91975.8,91984.38,91967.68
2024-11-26T13:54:26.764,91975.7,91975.8,91984.43,91967.68
2024-11-26T13:54:26.784,91975.7,91975.8,91984.54,91967.68
2024-11-26T13:54:26.804,91975.7,91975.8,91984.61,91967.67
2024-11-26T13:54:26.844,91975.7,91975.8,91984.62,91967.81
2024-11-26T13:54:26.864,91975.7,91975.8,91984.62,91967.96
2024-11-26T13:54:26.884,91975.7,91975.8,91984.62,91967.97
2024-11-26T13:54:26.964,91975.7,91975.8,91984.734,91967.97
2024-11-26T13:54:26.984,91975.7,91975.8,91984.78,91967.96
2024-11-26T13:54:27.004,91975.7,91975.8,91984.71,91967.69
2024-11-26T13:54:27.024,91975.7,91975.8,91984.57,91967.69
2024-11-26T13:54:27.044,91975.7,91975.8,91984.54,91967.69
2024-11-26T13:54:27.064,91975.7,91975.8,91984.555,91968.016
2024-11-26T13:54:27.084,91975.7,91975.8,91984.57,91968.01
2024-11-26T13:54:27.104,91975.7,91975.8,91984.69,91968.01
2024-11-26T13:54:27.124,91975.7,91975.8,91984.81,91968.016
2024-11-26T13:54:27.144,91975.7,91975.8,91984.79,91968.016
2024-11-26T13:54:27.164,91975.7,91975.8,91984.78,91968.016
2024-11-26T13:54:27.204,91975.7,91975.8,91984.79,91967.68
2024-11-26T13:54:27.224,91975.7,91975.8,91984.79,91967.875
2024-11-26T13:54:27.244,91975.7,91975.8,91984.664,91967.836
2024-11-26T13:54:27.264,91975.7,91975.8,91984.7,91967.86
2024-11-26T13:54:27.284,91975.7,91975.8,91984.62,91967.88
2024-11-26T13:54:27.304,91975.7,91975.8,91984.19,91967.88
2024-11-26T13:54:27.324,91975.7,91975.8,91984.19,91967.836
2024-11-26T13:54:27.404,91975.7,91975.8,91984.19,91967.68
2024-11-26T13:54:27.424,91975.7,91975.8,91984.62,91967.7
2024-11-26T13:54:27.464,91975.7,91975.8,91984.58,91967.7
2024-11-26T13:54:27.484,91975.7,91975.8,91984.664,91967.95
2024-11-26T13:54:27.504,91975.7,91975.8,91984.68,91968.016
2024-11-26T13:54:27.524,91975.7,91975.8,91984.69,91968.016
2024-11-26T13:54:27.584,91973.9,91974.0,91981.19,91967.75
2024-11-26T13:54:27.604,91973.9,91974.0,91980.42,91967.68
2024-11-26T13:54:27.624,91973.9,91974.0,91981.305,91967.766
2024-11-26T13:54:27.704,91973.9,91974.0,91981.266,91967.766
2024-11-26T13:54:27.764,91973.9,91974.0,91981.36,91967.766
2024-11-26T13:54:27.804,91973.9,91974.0,91981.36,91967.766
2024-11-26T13:54:27.824,91973.9,91974.0,91981.836,91967.484
2024-11-26T13:54:27.844,91970.9,91971.0,91973.18,91964.78
2024-11-26T13:54:27.864,91970.9,91971.0,91974.3,91958.95
2024-11-26T13:54:27.884,91969.4,91969.5,91974.42,91958.195
2024-11-26T13:54:27.904,91966.7,91966.8,91969.7,91957.24
2024-11-26T13:54:27.924,91963.4,91963.5,91967.81,91955.87
2024-11-26T13:54:27.944,91963.4,91963.5,91967.39,91955.47
2024-11-26T13:54:27.964,91958.2,91958.3,91962.23,91950.625
2024-11-26T13:54:27.984,91956.7,91956.8,91961.03,91949.06
2024-11-26T13:54:28.004,91956.7,91956.8,91961.664,91947.164
2024-11-26T13:54:28.024,91956.7,91956.8,91962.69,91946.27
2024-11-26T13:54:28.044,91956.7,91956.8,91963.4,91945.84
2024-11-26T13:54:28.064,91956.7,91956.8,91965.08,91945.21
2024-11-26T13:54:28.084,91950.0,91950.1,91959.45,91943.9
2024-11-26T13:54:28.104,91950.0,91950.1,91958.78,91943.53
2024-11-26T13:54:28.124,91950.0,91950.1,91960.1,91943.62
2024-11-26T13:54:28.144,91950.0,91950.1,91960.61,91943.4
2024-11-26T13:54:28.164,91950.0,91950.1,91961.055,91944.82
2024-11-26T13:54:28.184,91950.0,91950.1,91961.055,91944.23
2024-11-26T13:54:28.204,91950.0,91950.1,91960.28,91943.06
2024-11-26T13:54:28.224,91950.0,91950.1,91960.3,91943.695
2024-11-26T13:54:28.244,91950.0,91950.1,91961.01,91943.58
2024-11-26T13:54:28.264,91950.0,91950.1,91961.07,91943.57
2024-11-26T13:54:28.284,91950.0,91950.1,91960.75,91944.055
2024-11-26T13:54:28.304,91950.0,91950.1,91960.75,91944.07
2024-11-26T13:54:28.324,91950.0,91950.1,91960.75,91944.1
2024-11-26T13:54:28.345,91950.0,91950.1,91960.83,91944.1
2024-11-26T13:54:28.364,91950.0,91950.1,91960.09,91944.1
2024-11-26T13:54:28.384,91950.0,91950.1,91959.78,91944.14
2024-11-26T13:54:28.425,91950.0,91950.1,91959.6,91944.125
2024-11-26T13:54:28.444,91950.0,91950.1,91959.59,91943.914
2024-11-26T13:54:28.464,91950.0,91950.1,91959.945,91943.914
2024-11-26T13:54:28.484,91950.0,91950.1,91960.08,91943.9
2024-11-26T13:54:28.504,91950.0,91950.1,91960.08,91943.85
2024-11-26T13:54:28.524,91950.0,91950.1,91960.08,91943.84
2024-11-26T13:54:28.544,91950.0,91950.1,91960.06,91943.79
2024-11-26T13:54:28.564,91950.0,91950.1,91959.984,91943.79
2024-11-26T13:54:28.584,91950.0,91950.1,91959.516,91943.32
2024-11-26T13:54:28.604,91950.0,91950.1,91959.516,91942.77
2024-11-26T13:54:28.624,91950.0,91950.1,91959.53,91942.69
2024-11-26T13:54:28.644,91947.0,91947.1,91952.305,91939.01
2024-11-26T13:54:28.664,91944.9,91945.0,91949.91,91939.17
2024-11-26T13:54:28.684,91944.1,91944.2,91950.45,91936.43
2024-11-26T13:54:28.704,91943.3,91943.4,91950.8,91935.65
2024-11-26T13:54:28.724,91942.4,91942.5,91948.945,91934.94
2024-11-26T13:54:28.744,91942.3,91942.4,91948.04,91934.94
2024-11-26T13:54:28.764,91942.3,91942.4,91948.22,91934.99
2024-11-26T13:54:28.784,91942.3,91942.4,91948.43,91935.27
2024-11-26T13:54:28.804,91942.3,91942.4,91948.125,91935.21
2024-11-26T13:54:28.824,91942.3,91942.4,91948.45,91935.16
2024-11-26T13:54:28.844,91942.3,91942.4,91948.39,91934.87
2024-11-26T13:54:28.864,91942.3,91942.4,91948.336,91934.92
2024-11-26T13:54:28.884,91942.3,91942.4,91948.33,91934.58
2024-11-26T13:54:28.904,91942.3,91942.4,91948.33,91934.99
2024-11-26T13:54:28.924,91942.3,91942.4,91946.734,91934.99
2024-11-26T13:54:28.944,91942.3,91942.4,91946.695,91935.03
2024-11-26T13:54:28.964,91942.3,91942.4,91946.63,91935.03
2024-11-26T13:54:28.984,91942.3,91942.4,91946.664,91935.03
2024-11-26T13:54:29.004,91942.3,91942.4,91946.65,91935.03
2024-11-26T13:54:29.024,91942.3,91942.4,91946.63,91933.125
2024-11-26T13:54:29.044,91942.3,91942.4,91946.58,91932.52
2024-11-26T13:54:29.064,91937.3,91937.4,91943.016,91932.625
2024-11-26T13:54:29.085,91937.3,91937.4,91943.91,91932.63
2024-11-26T13:54:29.104,91937.3,91937.4,91945.664,91932.55
2024-11-26T13:54:29.124,91937.3,91937.4,91945.94,91932.55
2024-11-26T13:54:29.144,91937.3,91937.4,91946.62,91932.72
2024-11-26T13:54:29.165,91937.3,91937.4,91946.37,91932.734
2024-11-26T13:54:29.184,91937.3,91937.4,91945.96,91932.72
2024-11-26T13:54:29.204,91937.3,91937.4,91945.96,91932.73
2024-11-26T13:54:29.225,91937.3,91937.4,91946.58,91932.73
2024-11-26T13:54:29.244,91937.3,91937.4,91946.84,91932.73
2024-11-26T13:54:29.264,91937.3,91937.4,91947.13,91932.875
2024-11-26T13:54:29.284,91937.3,91937.4,91947.2,91933.086
2024-11-26T13:54:29.304,91937.3,91937.4,91947.234,91933.086
2024-11-26T13:54:29.324,91937.3,91937.4,91948.48,91933.086
2024-11-26T13:54:29.344,91937.3,91937.4,91948.08,91933.09
2024-11-26T13:54:29.364,91937.3,91937.4,91948.63,91933.09
2024-11-26T13:54:29.385,91937.3,91937.4,91948.69,91932.88
2024-11-26T13:54:29.405,91937.3,91937.4,91950.44,91932.88
2024-11-26T13:54:29.425,91937.3,91937.4,91950.31,91933.06
2024-11-26T13:54:29.444,91937.3,91937.4,91950.414,91933.06
2024-11-26T13:54:29.464,91937.3,91937.4,91949.305,91933.06
2024-11-26T13:54:29.484,91937.3,91937.4,91950.6,91933.06
2024-11-26T13:54:29.544,91937.3,91937.4,91951.62,91933.06
2024-11-26T13:54:29.564,91937.3,91937.4,91950.51,91933.05
2024-11-26T13:54:29.624,91937.3,91937.4,91950.49,91933.04
2024-11-26T13:54:29.704,91937.3,91937.4,91950.49,91933.06
2024-11-26T13:54:29.724,91937.3,91937.4,91950.5,91933.06
2024-11-26T13:54:29.744,91937.3,91937.4,91949.26,91933.06
2024-11-26T13:54:29.764,91937.3,91937.4,91948.28,91932.87
2024-11-26T13:54:29.784,91937.3,91937.4,91949.07,91933.08
2024-11-26T13:54:29.804,91937.3,91937.4,91948.27,91933.08
2024-11-26T13:54:29.844,91937.3,91937.4,91947.13,91933.0
2024-11-26T13:54:29.865,91937.3,91937.4,91946.37,91932.82
2024-11-26T13:54:29.885,91937.3,91937.4,91946.28,91932.66
2024-11-26T13:54:29.904,91937.3,91937.4,91946.51,91932.914
2024-11-26T13:54:29.924,91937.3,91937.4,91946.82,91932.79
2024-11-26T13:54:29.944,91937.3,91937.4,91946.16,91932.56
2024-11-26T13:54:29.965,91937.3,91937.4,91946.87,91932.555
2024-11-26T13:54:29.984,91937.3,91937.4,91946.984,91932.664
2024-11-26T13:54:30.004,91937.3,91937.4,91946.984,91932.555
2024-11-26T13:54:30.024,91937.3,91937.4,91946.984,91932.49
2024-11-26T13:54:30.044,91937.3,91937.4,91946.91,91932.49
2024-11-26T13:54:30.064,91937.3,91937.4,91946.91,91932.484
2024-11-26T13:54:30.104,91937.3,91937.4,91946.91,91932.49
2024-11-26T13:54:30.124,91937.3,91937.4,91947.055,91932.64
2024-11-26T13:54:30.165,91937.3,91937.4,91946.91,91932.63
2024-11-26T13:54:30.184,91937.3,91937.4,91946.91,91932.734
2024-11-26T13:54:30.204,91937.3,91937.4,91946.91,91932.734
2024-11-26T13:54:30.224,91937.3,91937.4,91946.91,91932.734
2024-11-26T13:54:30.245,91937.3,91937.4,91946.91,91932.73
2024-11-26T13:54:30.264,91937.3,91937.4,91947.375,91932.73
2024-11-26T13:54:30.285,91937.3,91937.4,91947.24,91932.73
2024-11-26T13:54:30.304,91937.3,91937.4,91946.91,91932.73
2024-11-26T13:54:30.324,91937.3,91937.4,91946.91,91932.555
2024-11-26T13:54:30.384,91937.3,91937.4,91946.87,91932.75
2024-11-26T13:54:30.404,91937.3,91937.4,91947.13,91931.76
2024-11-26T13:54:30.424,91937.3,91937.4,91946.4,91931.71
2024-11-26T13:54:30.444,91937.3,91937.4,91946.4,91931.83
2024-11-26T13:54:30.464,91937.3,91937.4,91946.4,91931.83
2024-11-26T13:54:30.484,91937.3,91937.4,91946.4,91931.83
2024-11-26T13:54:30.504,91937.3,91937.4,91945.58,91931.95
2024-11-26T13:54:30.524,91937.3,91937.4,91945.54,91931.984
2024-11-26T13:54:30.544,91937.3,91937.4,91945.81,91931.91
2024-11-26T13:54:30.564,91937.3,91937.4,91945.93,91931.79
2024-11-26T13:54:30.584,91937.3,91937.4,91945.734,91931.75
2024-11-26T13:54:30.604,91937.3,91937.4,91945.664,91931.72
2024-11-26T13:54:30.624,91937.3,91937.4,91945.664,91931.695
2024-11-26T13:54:30.644,91937.3,91937.4,91945.664,91931.69
2024-11-26T13:54:30.664,91937.3,91937.4,91945.25,91931.69
2024-11-26T13:54:30.684,91937.3,91937.4,91944.945,91931.76
2024-11-26T13:54:30.704,91937.3,91937.4,91945.45,91931.74
2024-11-26T13:54:30.724,91937.3,91937.4,91945.44,91931.75
2024-11-26T13:54:30.744,91937.3,91937.4,91945.43,91931.75
2024-11-26T13:54:30.765,91937.3,91937.4,91945.43,91931.734
2024-11-26T13:54:30.784,91937.3,91937.4,91944.83,91931.74
2024-11-26T13:54:30.824,91937.3,91937.4,91944.76,91931.74
2024-11-26T13:54:30.844,91937.3,91937.4,91944.76,91931.73
2024-11-26T13:54:30.904,91937.3,91937.4,91944.9,91931.73
2024-11-26T13:54:30.924,91937.3,91937.4,91945.19,91931.73
2024-11-26T13:54:30.944,91937.3,91937.4,91945.28,91931.73
2024-11-26T13:54:31.004,91937.3,91937.4,91944.734,91931.72
2024-11-26T13:54:31.024,91937.3,91937.4,91944.28,91924.81
2024-11-26T13:54:31.044,91937.3,91937.4,91944.305,91924.79
2024-11-26T13:54:31.064,91937.3,91937.4,91944.305,91924.81
2024-11-26T13:54:31.084,91937.3,91937.4,91944.31,91924.51
2024-11-26T13:54:31.104,91937.3,91937.4,91944.305,91924.51
2024-11-26T13:54:31.124,91937.3,91937.4,91944.305,91924.484
2024-11-26T13:54:31.144,91937.3,91937.4,91944.305,91924.49
2024-11-26T13:54:31.164,91937.3,91937.4,91944.54,91924.586
2024-11-26T13:54:31.184,91937.3,91937.4,91945.016,91924.74
2024-11-26T13:54:31.204,91937.3,91937.4,91945.086,91924.805
2024-11-26T13:54:31.224,91937.3,91937.4,91945.3,91925.81
2024-11-26T13:54:31.244,91937.3,91937.4,91945.484,91925.92
2024-11-26T13:54:31.264,91937.3,91937.4,91945.47,91927.016
2024-11-26T13:54:31.284,91937.3,91937.4,91945.63,91927.04
2024-11-26T13:54:31.304,91937.3,91937.4,91945.39,91927.06
2024-11-26T13:54:31.324,91937.3,91937.4,91945.24,91925.57
2024-11-26T13:54:31.344,91937.3,91937.4,91945.31,91925.57
2024-11-26T13:54:31.364,91937.3,91937.4,91945.31,91925.555
2024-11-26T13:54:31.384,91937.3,91937.4,91945.305,91925.555
2024-11-26T13:54:31.424,91937.3,91937.4,91945.25,91925.55
2024-11-26T13:54:31.444,91937.3,91937.4,91945.24,91925.42
2024-11-26T13:54:31.464,91937.3,91937.4,91945.17,91924.94
2024-11-26T13:54:31.485,91937.3,91937.4,91945.164,91924.93
2024-11-26T13:54:31.504,91937.3,91937.4,91945.164,91924.88
2024-11-26T13:54:31.544,91937.3,91937.4,91945.195,91924.88
2024-11-26T13:54:31.564,91937.3,91937.4,91945.17,91924.94
2024-11-26T13:54:31.584,91937.3,91937.4,91945.17,91925.375
2024-11-26T13:54:31.604,91937.3,91937.4,91944.875,91924.93
2024-11-26T13:54:31.624,91937.3,91937.4,91944.76,91924.9
2024-11-26T13:54:31.644,91937.3,91937.4,91944.766,91924.914
2024-11-26T13:54:31.664,91937.3,91937.4,91944.766,91924.92
2024-11-26T13:54:31.685,91937.3,91937.4,91944.78,91924.51
2024-11-26T13:54:31.724,91937.3,91937.4,91944.78,91924.484
2024-11-26T13:54:31.744,91937.3,91937.4,91945.07,91924.484
2024-11-26T13:54:31.764,91937.3,91937.4,91945.164,91924.484
2024-11-26T13:54:31.784,91937.3,91937.4,91945.164,91924.45
2024-11-26T13:54:31.804,91937.3,91937.4,91945.164,91924.44
2024-11-26T13:54:31.824,91937.3,91937.4,91945.164,91924.45
2024-11-26T13:54:31.845,91937.3,91937.4,91945.164,91924.45
2024-11-26T13:54:31.884,91937.3,91937.4,91945.0,91924.62
2024-11-26T13:54:31.904,91937.3,91937.4,91945.21,91924.664
2024-11-26T13:54:31.924,91929.2,91929.3,91937.52,91921.11
2024-11-26T13:54:31.944,91929.2,91929.3,91933.69,91917.46
2024-11-26T13:54:31.964,91928.6,91928.7,91932.266,91915.71
2024-11-26T13:54:31.984,91928.6,91928.7,91933.12,91912.74
2024-11-26T13:54:32.004,91928.4,91928.5,91932.14,91911.84
2024-11-26T13:54:32.024,91926.0,91926.1,91930.82,91910.82
2024-11-26T13:54:32.044,91919.3,91919.4,91924.625,91909.82
2024-11-26T13:54:32.064,91919.3,91919.4,91925.15,91909.29
2024-11-26T13:54:32.084,91919.3,91919.4,91923.35,91909.33
2024-11-26T13:54:32.104,91916.9,91917.0,91921.47,91909.055
2024-11-26T13:54:32.124,91916.9,91917.0,91923.03,91908.38
2024-11-26T13:54:32.144,91916.9,91917.0,91924.87,91908.11
2024-11-26T13:54:32.164,91916.9,91917.0,91925.09,91908.03
2024-11-26T13:54:32.184,91916.9,91917.0,91925.16,91908.055
2024-11-26T13:54:32.204,91916.9,91917.0,91924.87,91908.055
2024-11-26T13:54:32.224,91916.9,91917.0,91924.7,91908.04
2024-11-26T13:54:32.244,91916.9,91917.0,91924.445,91908.32
2024-11-26T13:54:32.264,91916.9,91917.0,91924.445,91908.32
2024-11-26T13:54:32.284,91916.9,91917.0,91924.484,91908.08
2024-11-26T13:54:32.304,91916.9,91917.0,91924.4,91908.08
2024-11-26T13:54:32.324,91916.9,91917.0,91924.4,91908.31
2024-11-26T13:54:32.344,91916.9,91917.0,91924.02,91908.31
2024-11-26T13:54:32.364,91916.9,91917.0,91924.3,91908.31
2024-11-26T13:54:32.404,91916.9,91917.0,91924.336,91908.31
2024-11-26T13:54:32.424,91916.9,91917.0,91924.29,91908.305
2024-11-26T13:54:32.444,91916.9,91917.0,91924.14,91908.31
2024-11-26T13:54:32.464,91916.9,91917.0,91924.4,91908.02
2024-11-26T13:54:32.484,91916.9,91917.0,91924.42,91907.984
2024-11-26T13:54:32.504,91913.8,91913.9,91923.164,91907.19
2024-11-26T13:54:32.524,91911.2,91911.3,91917.94,91904.72
2024-11-26T13:54:32.544,91911.2,91911.3,91918.06,91904.16
2024-11-26T13:54:32.564,91906.2,91906.3,91909.43,91900.22
2024-11-26T13:54:32.584,91906.2,91906.3,91909.76,91899.84
2024-11-26T13:54:32.604,91906.2,91906.3,91912.34,91899.87
2024-11-26T13:54:32.624,91906.2,91906.3,91912.7,91900.82
2024-11-26T13:54:32.644,91906.2,91906.3,91913.125,91900.734
2024-11-26T13:54:32.664,91906.2,91906.3,91913.125,91900.9
2024-11-26T13:54:32.684,91906.2,91906.3,91913.19,91900.87
2024-11-26T13:54:32.704,91906.2,91906.3,91913.19,91900.56
2024-11-26T13:54:32.724,91906.2,91906.3,91913.19,91900.83
2024-11-26T13:54:32.784,91906.2,91906.3,91912.82,91900.83
2024-11-26T13:54:32.804,91906.2,91906.3,91912.71,91900.85
2024-11-26T13:54:32.824,91906.2,91906.3,91912.97,91901.11
2024-11-26T13:54:32.844,91906.2,91906.3,91913.42,91901.766
2024-11-26T13:54:32.864,91906.2,91906.3,91913.47,91901.766
2024-11-26T13:54:32.884,91906.2,91906.3,91913.42,91901.79
2024-11-26T13:54:32.904,91906.2,91906.3,91913.69,91901.805
2024-11-26T13:54:32.924,91906.2,91906.3,91920.37,91902.24
2024-11-26T13:54:32.944,91911.2,91911.3,91925.305,91905.586
2024-11-26T13:54:32.964,91911.2,91911.3,91925.69,91905.55
2024-11-26T13:54:32.984,91911.2,91911.3,91926.055,91905.16
2024-11-26T13:54:33.004,91911.2,91911.3,91926.13,91905.26
2024-11-26T13:54:33.024,91911.2,91911.3,91926.12,91905.31
2024-11-26T13:54:33.044,91911.2,91911.3,91926.375,91905.31
2024-11-26T13:54:33.064,91911.2,91911.3,91925.9,91905.336
2024-11-26T13:54:33.084,91911.2,91911.3,91925.89,91905.33
2024-11-26T13:54:33.104,91911.2,91911.3,91925.91,91905.33
2024-11-26T13:54:33.124,91911.2,91911.3,91925.91,91905.31
2024-11-26T13:54:33.144,91911.2,91911.3,91925.945,91905.31
2024-11-26T13:54:33.184,91911.2,91911.3,91925.7,91905.27
2024-11-26T13:54:33.204,91911.2,91911.3,91926.44,91905.266
2024-11-26T13:54:33.224,91911.2,91911.3,91926.33,91905.266
2024-11-26T13:54:33.244,91911.2,91911.3,91926.27,91905.266
2024-11-26T13:54:33.264,91911.2,91911.3,91926.27,91905.234
2024-11-26T13:54:33.284,91911.2,91911.3,91925.95,91905.24
2024-11-26T13:54:33.304,91911.2,91911.3,91922.98,91904.89
2024-11-26T13:54:33.324,91911.2,91911.3,91922.83,91903.32
2024-11-26T13:54:33.344,91911.2,91911.3,91922.48,91902.766
2024-11-26T13:54:33.364,91911.2,91911.3,91922.31,91902.45
2024-11-26T13:54:33.389,91911.2,91911.3,91922.516,91902.45
2024-11-26T13:54:33.404,91911.2,91911.3,91922.67,91902.45
2024-11-26T13:54:33.424,91911.2,91911.3,91922.38,91902.05
2024-11-26T13:54:33.444,91911.2,91911.3,91922.32,91901.41
2024-11-26T13:54:33.464,91911.2,91911.3,91922.24,91901.32
2024-11-26T13:54:33.484,91911.2,91911.3,91922.234,91901.31
2024-11-26T13:54:33.504,91911.2,91911.3,91922.234,91901.33
2024-11-26T13:54:33.524,91911.2,91911.3,91922.234,91902.016
2024-11-26T13:54:33.544,91911.2,91911.3,91922.3,91902.086
2024-11-26T13:54:33.564,91911.2,91911.3,91922.6,91901.914
2024-11-26T13:54:33.584,91911.2,91911.3,91922.69,91902.02
2024-11-26T13:54:33.604,91911.2,91911.3,91923.09,91902.1
2024-11-26T13:54:33.624,91911.2,91911.3,91922.96,91902.1
2024-11-26T13:54:33.644,91911.2,91911.3,91922.97,91902.09
2024-11-26T13:54:33.665,91911.2,91911.3,91922.695,91901.92
2024-11-26T13:54:33.685,91911.2,91911.3,91923.06,91901.91
2024-11-26T13:54:33.705,91911.2,91911.3,91922.85,91901.91
2024-11-26T13:54:33.725,91911.2,91911.3,91923.12,91902.13
2024-11-26T13:54:33.764,91911.2,91911.3,91921.83,91901.67
2024-11-26T13:54:33.784,91911.2,91911.3,91921.83,91901.16
2024-11-26T13:54:33.804,91911.2,91911.3,91921.83,91901.36
2024-11-26T13:54:33.824,91911.2,91911.3,91921.83,91901.664
2024-11-26T13:54:33.844,91911.2,91911.3,91921.83,91901.695
2024-11-26T13:54:33.864,91911.2,91911.3,91921.83,91901.57
2024-11-26T13:54:33.904,91911.2,91911.3,91921.83,91901.695
2024-11-26T13:54:33.924,91911.2,91911.3,91921.83,91901.92
2024-11-26T13:54:33.944,91911.2,91911.3,91921.83,91901.83
2024-11-26T13:54:33.964,91911.2,91911.3,91921.83,91901.805
2024-11-26T13:54:33.984,91911.2,91911.3,91921.83,91902.086
2024-11-26T13:54:34.004,91911.2,91911.3,91921.83,91901.69
2024-11-26T13:54:34.024,91911.2,91911.3,91921.83,91901.86
2024-11-26T13:54:34.045,91911.2,91911.3,91922.055,91901.97
2024-11-26T13:54:34.064,91911.2,91911.3,91922.14,91902.05
2024-11-26T13:54:34.084,91911.2,91911.3,91923.44,91902.18
2024-11-26T13:54:34.104,91911.2,91911.3,91923.61,91902.21
2024-11-26T13:54:34.125,91911.2,91911.3,91923.61,91902.21
2024-11-26T13:54:34.144,91911.2,91911.3,91924.03,91902.54
2024-11-26T13:54:34.165,91911.2,91911.3,91924.74,91902.55
2024-11-26T13:54:34.184,91911.2,91911.3,91924.9,91902.55
2024-11-26T13:54:34.204,91911.2,91911.3,91924.33,91902.59
2024-11-26T13:54:34.224,91911.2,91911.3,91924.46,91902.66
2024-11-26T13:54:34.244,91911.2,91911.3,91924.52,91902.69
2024-11-26T13:54:34.264,91911.2,91911.3,91924.52,91902.69
2024-11-26T13:54:34.284,91911.2,91911.3,91924.45,91902.69
2024-11-26T13:54:34.304,91911.2,91911.3,91924.45,91902.68
2024-11-26T13:54:34.384,91911.2,91911.3,91924.414,91903.1
2024-11-26T13:54:34.404,91911.2,91911.3,91924.58,91903.1
2024-11-26T13:54:34.424,91911.2,91911.3,91924.58,91903.1
2024-11-26T13:54:34.464,91911.2,91911.3,91923.15,91902.73
2024-11-26T13:54:34.484,91911.2,91911.3,91922.07,91902.35
2024-11-26T13:54:34.504,91911.2,91911.3,91922.38,91902.11
2024-11-26T13:54:34.524,91911.2,91911.3,91922.336,91902.04
2024-11-26T13:54:34.544,91911.2,91911.3,91921.91,91901.63
2024-11-26T13:54:34.564,91911.2,91911.3,91921.66,91900.555
2024-11-26T13:54:34.584,91910.0,91910.1,91917.37,91900.59
2024-11-26T13:54:34.604,91910.0,91910.1,91918.1,91901.07
2024-11-26T13:54:34.624,91910.0,91910.1,91918.32,91900.83
2024-11-26T13:54:34.644,91910.0,91910.1,91918.555,91900.4
2024-11-26T13:54:34.664,91910.0,91910.1,91918.57,91900.41
2024-11-26T13:54:34.684,91910.0,91910.1,91918.65,91900.49
2024-11-26T13:54:34.704,91910.0,91910.1,91918.65,91900.77
2024-11-26T13:54:34.724,91910.0,91910.1,91918.65,91900.57
2024-11-26T13:54:34.744,91910.0,91910.1,91918.766,91900.57
2024-11-26T13:54:34.764,91910.0,91910.1,91918.766,91900.53
2024-11-26T13:54:34.804,91910.0,91910.1,91918.77,91900.516
2024-11-26T13:54:34.864,91910.0,91910.1,91918.766,91900.53
2024-11-26T13:54:34.944,91910.0,91910.1,91918.766,91900.516
2024-11-26T13:54:34.964,91910.0,91910.1,91918.78,91900.516
2024-11-26T13:54:34.984,91910.0,91910.1,91918.766,91900.64
2024-11-26T13:54:35.004,91910.0,91910.1,91918.766,91900.67
2024-11-26T13:54:35.024,91910.0,91910.1,91918.766,91900.9
2024-11-26T13:54:35.064,91910.0,91910.1,91918.945,91900.63
2024-11-26T13:54:35.084,91906.2,91906.3,91911.59,91900.76
2024-11-26T13:54:35.104,91905.2,91905.3,91910.625,91900.06
2024-11-26T13:54:35.124,91905.2,91905.3,91912.06,91899.99
2024-11-26T13:54:35.144,91905.2,91905.3,91913.39,91899.625
