server_time,best_bid_price,best_ask_price,avg_buy_price,avg_sell_price
2024-11-26T00:55:32.584,93003.76,93029.5,93023.31,92998.5
2024-11-26T00:55:32.604,93003.78,93029.5,93023.836,92998.5
2024-11-26T00:55:32.624,93003.78,93029.5,93024.07,92998.5
2024-11-26T00:55:32.644,93003.84,93029.5,93024.086,92998.5
2024-11-26T00:55:32.664,93003.9,93029.5,93024.1,92998.5
2024-11-26T00:55:32.684,93003.71,93029.6,93023.516,92998.5
2024-11-26T00:55:32.704,93005.79,93029.6,93023.29,92998.5
2024-11-26T00:55:32.724,93005.734,93029.6,93019.72,92998.5
2024-11-26T00:55:32.744,93005.44,93029.6,93019.15,92998.5
2024-11-26T00:55:32.765,93005.44,93029.6,93019.82,92998.5
2024-11-26T00:55:32.784,93005.44,93029.6,93019.984,92998.5
2024-11-26T00:55:32.804,93005.76,93030.0,93020.46,92998.5
2024-11-26T00:55:32.824,93005.76,93030.2,93019.984,92998.5
2024-11-26T00:55:32.844,93005.69,93030.2,93020.46,92998.5
2024-11-26T00:55:32.864,93005.484,93030.2,93020.32,92998.5
2024-11-26T00:55:32.884,93005.5,93030.2,93020.46,92998.5
2024-11-26T00:55:32.904,93005.52,93030.2,93020.52,92998.5
2024-11-26T00:55:32.924,93005.625,93030.2,93020.52,92998.5
2024-11-26T00:55:32.945,93005.625,93030.2,93020.48,92998.5
2024-11-26T00:55:32.964,93005.67,93030.2,93020.48,92998.5
2024-11-26T00:55:32.984,93005.69,93031.0,93021.82,92998.5
2024-11-26T00:55:33.004,93008.03,93031.1,93021.51,92998.5
2024-11-26T00:55:33.024,93009.93,93032.0,93022.414,92998.5
2024-11-26T00:55:33.044,93010.34,93032.0,93022.38,92998.5
2024-11-26T00:55:33.064,93009.85,93032.1,93022.52,92998.5
2024-11-26T00:55:33.084,93009.74,93032.4,93022.67,92998.5
2024-11-26T00:55:33.104,93009.65,93032.5,93022.266,92998.5
2024-11-26T00:55:33.124,93009.53,93032.5,93022.266,92998.5
2024-11-26T00:55:33.144,93009.17,93032.5,93022.266,92998.5
2024-11-26T00:55:33.164,93009.83,93032.5,93022.266,92998.5
2024-11-26T00:55:33.184,93009.836,93032.5,93022.266,92998.5
2024-11-26T00:55:33.204,93010.69,93032.5,93022.28,92998.5
2024-11-26T00:55:33.224,93010.79,93032.5,93022.22,92998.5
2024-11-26T00:55:33.244,93010.125,93032.5,93022.94,92998.5
2024-11-26T00:55:33.264,93010.05,93032.5,93022.91,92998.5
2024-11-26T00:55:33.285,93009.945,93032.5,93022.516,92998.5
2024-11-26T00:55:33.324,93009.914,93032.5,93022.516,92998.5
2024-11-26T00:55:33.364,93009.914,93032.5,93022.305,92998.5
2024-11-26T00:55:33.404,93009.914,93032.5,93022.3,92998.5
2024-11-26T00:55:33.425,93009.06,93032.5,93021.93,92998.5
2024-11-26T00:55:33.444,93009.06,93032.5,93021.875,92998.5
2024-11-26T00:55:33.464,93007.65,93032.5,93021.44,92998.5
2024-11-26T00:55:33.484,93001.67,93032.5,93021.375,92998.5
2024-11-26T00:55:33.504,93001.62,93032.5,93021.414,92998.5
2024-11-26T00:55:33.524,93001.586,93032.5,93021.38,92998.5
2024-11-26T00:55:33.544,93001.586,93032.5,93021.38,92998.5
2024-11-26T00:55:33.564,93001.586,93032.5,93021.38,92998.5
2024-11-26T00:55:33.584,93001.67,93032.5,93021.53,92998.5
2024-11-26T00:55:33.604,93001.72,93032.5,93021.84,92998.5
2024-11-26T00:55:33.624,93001.74,93032.5,93021.85,92998.5
2024-11-26T00:55:33.644,93001.75,93032.5,93021.85,92998.5
2024-11-26T00:55:33.664,93001.72,93032.5,93021.85,92998.5
2024-11-26T00:55:33.684,93001.72,93032.5,93021.86,92998.5
2024-11-26T00:55:33.704,93001.74,93032.5,93021.94,92998.5
2024-11-26T00:55:33.724,93001.695,93032.5,93021.94,92998.5
2024-11-26T00:55:33.744,93001.695,93032.5,93021.94,92998.5
2024-11-26T00:55:33.764,92999.984,93032.5,93011.91,92994.5
2024-11-26T00:55:33.784,93000.17,93032.5,93013.74,92994.0
2024-11-26T00:55:33.804,93000.484,93032.5,93015.62,92994.0
2024-11-26T00:55:33.824,93000.516,93032.5,93015.66,92994.0
2024-11-26T00:55:33.844,93000.69,93032.5,93015.69,92994.0
2024-11-26T00:55:33.864,93000.45,93032.5,93013.49,92994.0
2024-11-26T00:55:33.884,93000.47,93032.5,93013.83,92993.7
2024-11-26T00:55:33.904,93000.516,93032.5,93014.125,92993.7
2024-11-26T00:55:33.924,93000.516,93032.5,93014.21,92993.7
2024-11-26T00:55:33.944,93000.53,93032.5,93014.195,92993.7
2024-11-26T00:55:33.964,93000.52,93032.5,93014.18,92993.7
2024-11-26T00:55:33.984,93001.48,93032.5,93015.305,92993.7
2024-11-26T00:55:34.004,93002.63,93032.5,93016.35,92993.7
2024-11-26T00:55:34.024,93002.15,93032.5,93016.68,92993.7
2024-11-26T00:55:34.044,93002.1,93032.5,93016.84,92993.7
2024-11-26T00:55:34.064,93002.484,93032.5,93016.66,92993.7
2024-11-26T00:55:34.084,93002.484,93032.5,93017.01,92993.7
2024-11-26T00:55:34.104,93002.47,93032.5,93017.05,92993.7
2024-11-26T00:55:34.124,93002.586,93032.5,93017.01,92993.7
2024-11-26T00:55:34.144,93002.9,93032.5,93011.984,92993.7
2024-11-26T00:55:34.164,93000.72,93032.5,93011.04,92989.3
2024-11-26T00:55:34.184,92999.17,93032.5,93008.79,92988.1
2024-11-26T00:55:34.204,92999.26,93032.5,93008.64,92988.1
2024-11-26T00:55:34.224,92999.28,93032.5,93009.23,92988.1
2024-11-26T00:55:34.244,93000.88,93032.5,93007.664,92988.1
2024-11-26T00:55:34.264,93000.13,93032.5,93007.77,92988.0
2024-11-26T00:55:34.284,93000.13,93032.5,93007.734,92988.0
2024-11-26T00:55:34.304,93000.13,93032.5,93007.84,92988.0
2024-11-26T00:55:34.324,92999.78,93032.5,93007.84,92988.0
2024-11-26T00:55:34.344,92999.695,93032.5,93007.7,92988.0
2024-11-26T00:55:34.364,92999.73,93032.5,93007.7,92988.0
2024-11-26T00:55:34.384,92999.72,93032.5,93007.74,92988.0
2024-11-26T00:55:34.404,93000.195,93032.5,93007.76,92988.0
2024-11-26T00:55:34.424,93000.195,93032.5,93007.9,92988.0
2024-11-26T00:55:34.444,93000.36,93032.5,93009.79,92988.0
2024-11-26T00:55:34.464,93000.305,93032.5,93010.055,92988.0
2024-11-26T00:55:34.504,93000.34,93032.5,93010.05,92988.0
2024-11-26T00:55:34.524,92999.875,93032.5,93009.88,92988.0
2024-11-26T00:55:34.544,92999.88,93032.5,93009.65,92988.0
2024-11-26T00:55:34.564,92999.89,93032.5,93009.65,92988.0
2024-11-26T00:55:34.584,93000.016,93032.5,93009.56,92988.0
2024-11-26T00:55:34.604,93000.016,93032.5,93009.68,92988.0
2024-11-26T00:55:34.624,92999.88,93032.5,93009.77,92988.0
2024-11-26T00:55:34.644,92999.88,93032.5,93009.73,92988.0
2024-11-26T00:55:34.664,93000.38,93032.5,93009.77,92988.0
2024-11-26T00:55:34.684,93000.37,93032.5,93009.82,92988.0
2024-11-26T00:55:34.704,93000.36,93032.5,93009.82,92988.0
2024-11-26T00:55:34.724,93000.36,93032.5,93008.08,92988.0
2024-11-26T00:55:34.744,92999.875,93032.5,93007.83,92988.0
2024-11-26T00:55:34.764,92999.875,93032.5,93007.83,92988.0
2024-11-26T00:55:34.784,92999.89,93032.5,93007.83,92988.0
2024-11-26T00:55:34.804,92999.89,93032.5,93007.83,92988.0
2024-11-26T00:55:34.824,93000.07,93032.5,93007.69,92988.0
2024-11-26T00:55:34.844,93000.07,93032.5,93006.95,92988.0
2024-11-26T00:55:34.864,93000.07,93032.5,93007.875,92988.0
2024-11-26T00:55:34.884,93000.07,93032.5,93007.875,92988.0
2024-11-26T00:55:34.904,93000.07,93032.5,93007.875,92988.0
2024-11-26T00:55:34.944,93000.07,93032.5,93005.65,92988.0
2024-11-26T00:55:34.964,93000.07,93032.5,93005.63,92988.0
2024-11-26T00:55:34.984,93000.01,93032.5,93005.63,92988.0
2024-11-26T00:55:35.004,92999.95,93032.5,93005.63,92988.0
2024-11-26T00:55:35.024,92999.95,93032.5,93005.9,92988.0
2024-11-26T00:55:35.044,92999.95,93032.5,93006.09,92988.0
2024-11-26T00:55:35.084,92999.95,93032.5,93006.086,92988.0
2024-11-26T00:55:35.104,92999.95,93032.5,93006.016,92988.0
2024-11-26T00:55:35.204,92999.95,93032.5,93006.016,92988.0
2024-11-26T00:55:35.244,92999.95,93032.5,93006.01,92988.0
2024-11-26T00:55:35.264,92999.95,93032.5,93006.01,92988.0
2024-11-26T00:55:35.304,92999.95,93032.5,93006.016,92988.0
2024-11-26T00:55:35.324,93000.0,93032.5,93006.016,92988.0
2024-11-26T00:55:35.384,93000.04,93032.5,93006.016,92988.0
2024-11-26T00:55:35.464,93000.055,93032.5,93006.086,92988.0
2024-11-26T00:55:35.564,93000.055,93032.5,93006.016,92988.0
2024-11-26T00:55:35.584,93000.055,93032.5,93006.0,92988.0
2024-11-26T00:55:35.604,93000.055,93032.5,93006.01,92988.0
2024-11-26T00:55:35.644,93000.055,93032.5,93006.02,92988.0
2024-11-26T00:55:35.684,93000.71,93032.5,93006.02,92988.0
2024-11-26T00:55:35.704,93000.75,93032.5,93006.17,92988.0
2024-11-26T00:55:35.724,93000.78,93032.5,93006.234,92988.0
2024-11-26T00:55:35.745,93000.78,93032.5,93006.28,92988.0
2024-11-26T00:55:35.764,93000.76,93032.5,93006.3,92988.0
2024-11-26T00:55:35.884,93000.76,93032.5,93006.3,92988.0
2024-11-26T00:55:35.904,93000.76,93032.5,93006.29,92988.0
2024-11-26T00:55:35.924,93000.52,93032.5,93011.805,92988.0
2024-11-26T00:55:35.944,93000.47,93032.5,93013.32,92988.0
2024-11-26T00:55:35.964,93000.41,93032.5,93013.32,92988.0
2024-11-26T00:55:35.984,93000.46,93032.5,93012.805,92988.0
2024-11-26T00:55:36.004,93000.84,93032.5,93012.83,92988.0
2024-11-26T00:55:36.024,93000.88,93032.5,93012.5,92988.0
2024-11-26T00:55:36.044,93000.164,93032.5,93012.23,92988.0
2024-11-26T00:55:36.064,93000.06,93032.5,93011.8,92988.0
2024-11-26T00:55:36.084,93000.06,93032.5,93011.47,92988.0
2024-11-26T00:55:36.104,93000.11,93032.5,93011.46,92988.0
2024-11-26T00:55:36.124,93000.09,93032.5,93011.46,92988.0
2024-11-26T00:55:36.144,93000.67,93032.5,93012.61,92988.0
2024-11-26T00:55:36.164,93000.68,93032.5,93012.58,92988.0
2024-11-26T00:55:36.184,93000.75,93032.5,93012.97,92988.0
2024-11-26T00:55:36.204,93000.55,93032.5,93012.97,92988.0
2024-11-26T00:55:36.224,93000.58,93032.5,93012.97,92988.0
2024-11-26T00:55:36.245,93000.48,93032.5,93012.45,92988.0
2024-11-26T00:55:36.264,93000.48,93032.5,93012.71,92988.0
2024-11-26T00:55:36.284,93000.47,93032.5,93012.68,92988.0
2024-11-26T00:55:36.304,93000.67,93032.5,93012.68,92988.0
2024-11-26T00:55:36.324,92999.16,93032.5,93007.734,92988.0
2024-11-26T00:55:36.344,92999.266,93032.5,93007.9,92988.0
2024-11-26T00:55:36.364,92999.29,93032.5,93007.98,92988.0
2024-11-26T00:55:36.384,92999.15,93032.5,93007.98,92988.0
2024-11-26T00:55:36.404,92999.17,93032.5,93007.8,92988.0
2024-11-26T00:55:36.424,92999.13,93032.5,93007.77,92988.0
2024-11-26T00:55:36.444,92999.2,93032.5,93007.77,92988.0
2024-11-26T00:55:36.464,92999.2,93032.5,93007.85,92988.0
2024-11-26T00:55:36.484,92999.2,93032.5,93007.85,92988.0
2024-11-26T00:55:36.504,92999.2,93032.5,93007.85,92988.0
2024-11-26T00:55:36.544,92999.2,93032.5,93007.77,92988.0
2024-11-26T00:55:36.564,92999.19,93032.5,93007.79,92988.0
2024-11-26T00:55:36.584,92999.19,93032.5,93007.79,92988.0
2024-11-26T00:55:36.644,92999.2,93032.5,93007.79,92988.0
2024-11-26T00:55:36.724,92999.195,93032.5,93007.79,92988.0
2024-11-26T00:55:36.744,92999.48,93032.5,93007.46,92988.0
2024-11-26T00:55:36.764,92999.445,93032.5,93005.73,92988.0
2024-11-26T00:55:36.784,92999.45,93032.5,93005.73,92988.0
2024-11-26T00:55:36.804,92999.484,93032.5,93005.73,92988.0
2024-11-26T00:55:36.825,92999.484,93032.5,93005.74,92988.0
2024-11-26T00:55:36.844,92999.484,93032.5,93006.14,92988.0
2024-11-26T00:55:36.864,92999.64,93032.5,93006.27,92988.0
2024-11-26T00:55:36.891,92999.664,93032.5,93006.75,92988.0
2024-11-26T00:55:36.904,92999.86,93032.5,93008.51,92988.0
2024-11-26T00:55:36.925,92999.86,93032.5,93010.38,92988.0
2024-11-26T00:55:36.944,92999.88,93032.5,93011.5,92988.0
2024-11-26T00:55:36.964,92999.88,93032.5,93011.05,92988.0
2024-11-26T00:55:36.984,92999.88,93032.5,93010.445,92988.0
2024-11-26T00:55:37.004,92999.89,93032.5,93010.36,92988.0
2024-11-26T00:55:37.024,92999.56,93032.5,93010.4,92988.0
2024-11-26T00:55:37.044,92999.7,93032.5,93010.41,92988.0
2024-11-26T00:55:37.064,92999.7,93032.5,93010.45,92988.0
2024-11-26T00:55:37.084,92999.7,93032.5,93010.5,92988.0
2024-11-26T00:55:37.104,92999.6,93032.5,93010.516,92988.0
2024-11-26T00:55:37.124,92999.39,93032.5,93010.555,92988.0
2024-11-26T00:55:37.164,92999.39,93032.5,93010.555,92988.0
2024-11-26T00:55:37.184,93000.29,93032.5,93015.484,92988.0
2024-11-26T00:55:37.204,93000.86,93032.5,93017.516,92988.0
2024-11-26T00:55:37.224,93003.914,93032.5,93018.8,92988.0
2024-11-26T00:55:37.244,93004.46,93032.5,93020.3,92988.0
2024-11-26T00:55:37.264,93007.516,93032.5,93022.53,92988.0
2024-11-26T00:55:37.284,93005.39,93032.5,93019.54,92988.0
2024-11-26T00:55:37.304,93001.86,93032.5,93019.19,92988.0
2024-11-26T00:55:37.324,93000.57,93032.5,93019.13,92988.0
2024-11-26T00:55:37.344,93000.48,93032.5,93016.97,92988.0
2024-11-26T00:55:37.364,93000.28,93032.5,93016.92,92988.0
2024-11-26T00:55:37.384,93000.1,93032.5,93009.78,92988.0
2024-11-26T00:55:37.404,93000.03,93032.5,93010.414,92988.0
2024-11-26T00:55:37.424,93000.266,93032.5,93011.44,92988.0
2024-11-26T00:55:37.444,93000.01,93032.5,93011.086,92988.0
2024-11-26T00:55:37.464,92999.83,93032.5,93010.46,92988.0
2024-11-26T00:55:37.484,92999.59,93032.5,93010.45,92988.0
2024-11-26T00:55:37.504,92999.62,93032.5,93010.52,92988.0
2024-11-26T00:55:37.524,92999.62,93032.5,93010.56,92988.0
2024-11-26T00:55:37.564,92999.88,93032.5,93010.805,92988.0
2024-11-26T00:55:37.584,92999.91,93032.5,93010.43,92988.0
2024-11-26T00:55:37.604,92999.734,93032.5,93010.43,92988.0
2024-11-26T00:55:37.644,92999.734,93032.5,93010.43,92988.0
2024-11-26T00:55:37.684,92999.7,93032.5,93010.43,92988.0
2024-11-26T00:55:37.704,92999.7,93032.5,93009.68,92988.0
2024-11-26T00:55:37.724,92999.7,93032.5,93009.68,92988.0
2024-11-26T00:55:37.744,92999.72,93032.5,93009.68,92988.0
2024-11-26T00:55:37.824,92999.72,93032.5,93009.18,92988.0
2024-11-26T00:55:37.864,92999.72,93032.5,93009.16,92988.0
2024-11-26T00:55:37.944,92999.75,93032.5,93008.87,92988.0
2024-11-26T00:55:37.984,93000.47,93032.5,93009.01,92988.0
2024-11-26T00:55:38.004,93000.15,93032.5,93009.76,92988.0
2024-11-26T00:55:38.025,93000.39,93032.5,93009.76,92988.0
2024-11-26T00:55:38.044,93000.41,93032.5,93009.76,92988.0
2024-11-26T00:55:38.064,93000.41,93032.5,93010.05,92988.0
2024-11-26T00:55:38.084,93000.92,93032.5,93010.39,92988.0
2024-11-26T00:55:38.105,93000.8,93032.5,93011.84,92988.0
2024-11-26T00:55:38.124,93000.8,93032.5,93011.9,92988.0
2024-11-26T00:55:38.144,93000.85,93032.5,93017.04,92988.0
2024-11-26T00:55:38.164,93000.85,93032.5,93018.68,92988.0
2024-11-26T00:55:38.184,93000.85,93032.5,93018.83,92988.0
2024-11-26T00:55:38.224,93000.695,93032.5,93018.664,92988.0
2024-11-26T00:55:38.244,93000.66,93032.5,93018.82,92988.0
2024-11-26T00:55:38.264,93000.29,93032.5,93018.77,92988.0
2024-11-26T00:55:38.284,93000.71,93032.5,93018.77,92988.0
2024-11-26T00:55:38.304,93000.766,93032.5,93018.77,92988.0
2024-11-26T00:55:38.324,93000.766,93032.5,93018.77,92988.0
2024-11-26T00:55:38.344,93000.78,93032.5,93018.77,92988.0
2024-11-26T00:55:38.384,93000.77,93032.5,93018.72,92988.0
2024-11-26T00:55:38.404,93002.62,93032.5,93019.125,92988.0
2024-11-26T00:55:38.424,93002.41,93032.5,93019.3,92988.0
2024-11-26T00:55:38.444,93006.6,93032.5,93019.56,92988.0
2024-11-26T00:55:38.464,93002.26,93032.5,93018.28,92988.0
2024-11-26T00:55:38.484,93003.98,93032.5,93018.41,92988.0
2024-11-26T00:55:38.504,93003.45,93032.5,93019.62,92988.0
2024-11-26T00:55:38.524,93003.5,93032.5,93019.62,92988.0
2024-11-26T00:55:38.544,93003.51,93032.5,93019.62,92988.0
2024-11-26T00:55:38.564,93008.375,93032.5,93023.15,92988.0
2024-11-26T00:55:38.584,93010.586,93032.5,93023.49,92988.0
2024-11-26T00:55:38.604,93008.23,93032.5,93023.69,92988.0
2024-11-26T00:55:38.624,93008.68,93032.5,93024.73,92988.0
2024-11-26T00:55:38.644,93008.25,93033.0,93029.1,92988.0
2024-11-26T00:55:38.664,93017.336,93036.8,93032.914,92988.0
2024-11-26T00:55:38.684,93021.04,93037.5,93034.36,92988.0
2024-11-26T00:55:38.704,93020.22,93038.1,93035.01,92988.0
2024-11-26T00:55:38.724,93020.125,93038.1,93034.836,92988.0
2024-11-26T00:55:38.744,93020.305,93038.1,93034.836,92988.0
2024-11-26T00:55:38.764,93019.82,93038.1,93034.875,92988.0
2024-11-26T00:55:38.784,93019.83,93038.7,93035.13,92988.0
2024-11-26T00:55:38.804,93019.83,93039.2,93035.33,92988.0
2024-11-26T00:55:38.824,93020.46,93040.4,93036.516,92988.0
2024-11-26T00:55:38.844,93020.6,93040.5,93036.6,92988.0
2024-11-26T00:55:38.864,93025.93,93046.0,93040.336,92988.0
2024-11-26T00:55:38.884,93028.76,93046.1,93041.03,92988.0
2024-11-26T00:55:38.904,93029.54,93048.2,93041.49,92988.0
2024-11-26T00:55:38.924,93024.25,93048.2,93039.6,92988.0
2024-11-26T00:55:38.944,93024.7,93048.2,93039.914,92988.0
2024-11-26T00:55:38.964,93024.77,93048.2,93040.06,92988.0
2024-11-26T00:55:38.984,93024.7,93048.2,93039.805,92988.0
2024-11-26T00:55:39.004,93024.73,93048.2,93039.805,92988.0
2024-11-26T00:55:39.024,93024.85,93048.2,93039.95,92988.0
2024-11-26T00:55:39.044,93024.82,93048.2,93039.95,92988.0
2024-11-26T00:55:39.064,93024.87,93048.2,93039.2,92988.0
2024-11-26T00:55:39.084,93024.75,93048.2,93039.12,92988.0
2024-11-26T00:55:39.104,93024.52,93048.2,93039.45,92988.0
2024-11-26T00:55:39.124,93024.52,93048.2,93039.914,92988.0
2024-11-26T00:55:39.144,93024.52,93048.2,93039.6,92988.0
2024-11-26T00:55:39.164,93023.734,93048.2,93038.95,92988.0
2024-11-26T00:55:39.184,93023.54,93048.2,93038.72,92988.0
2024-11-26T00:55:39.204,93023.11,93048.2,93039.04,92988.0
2024-11-26T00:55:39.224,93023.02,93048.2,93039.04,92988.0
2024-11-26T00:55:39.244,93024.12,93048.2,93039.055,92988.0
2024-11-26T00:55:39.264,93023.9,93048.2,93039.055,92988.0
2024-11-26T00:55:39.284,93022.99,93048.2,93039.055,92988.0
2024-11-26T00:55:39.304,93022.62,93048.2,93039.07,92988.0
2024-11-26T00:55:39.325,93022.65,93048.2,93038.89,92988.0
2024-11-26T00:55:39.344,93020.43,93048.2,93038.89,92988.0
2024-11-26T00:55:39.364,93019.64,93048.2,93039.18,92988.0
2024-11-26T00:55:39.384,93019.695,93048.2,93039.34,92988.0
2024-11-26T00:55:39.404,93019.94,93048.2,93035.79,92988.0
2024-11-26T00:55:39.424,93019.016,93048.2,93035.41,92988.0
2024-11-26T00:55:39.444,93019.12,93048.2,93035.41,92988.0
2024-11-26T00:55:39.464,93019.836,93048.2,93036.484,92988.0
2024-11-26T00:55:39.484,93020.195,93048.2,93036.86,92988.0
2024-11-26T00:55:39.504,93019.664,93048.2,93037.51,92988.0
2024-11-26T00:55:39.524,93019.8,93048.2,93036.914,92988.0
2024-11-26T00:55:39.544,93020.11,93048.2,93037.516,92988.0
2024-11-26T00:55:39.564,93020.36,93048.2,93037.48,92988.0
2024-11-26T00:55:39.604,93020.36,93048.2,93037.484,92988.0
2024-11-26T00:55:39.624,93020.64,93048.2,93037.53,92988.0
2024-11-26T00:55:39.644,93020.64,93048.2,93037.55,92988.0
2024-11-26T00:55:39.664,93020.64,93048.2,93038.17,92988.0
2024-11-26T00:55:39.684,93020.64,93048.2,93038.26,92988.0
2024-11-26T00:55:39.704,93020.64,93048.2,93038.29,92988.0
2024-11-26T00:55:39.724,93015.766,93048.2,93032.89,92988.0
2024-11-26T00:55:39.744,93013.09,93048.2,93026.625,92988.0
2024-11-26T00:55:39.765,93003.414,93048.2,93019.445,92988.0
2024-11-26T00:55:39.784,93001.664,93048.2,93017.516,92988.0
2024-11-26T00:55:39.804,93001.13,93048.2,93016.27,92988.0
2024-11-26T00:55:39.825,93002.08,93048.2,93020.836,92988.0
2024-11-26T00:55:39.844,93001.12,93048.2,93019.49,92988.0
2024-11-26T00:55:39.864,93001.21,93048.2,93020.516,92988.0
2024-11-26T00:55:39.884,93001.336,93048.2,93020.61,92988.0
2024-11-26T00:55:39.904,93001.234,93048.2,93020.59,92988.0
2024-11-26T00:55:39.924,93001.27,93048.2,93020.51,92988.0
2024-11-26T00:55:39.944,93001.33,93048.2,93020.51,92988.0
2024-11-26T00:55:39.964,93001.336,93048.2,93017.56,92988.0
2024-11-26T00:55:39.984,93001.29,93048.2,93017.4,92988.0
2024-11-26T00:55:40.004,93001.29,93048.2,93018.56,92988.0
2024-11-26T00:55:40.025,93004.01,93048.2,93019.055,92988.0
2024-11-26T00:55:40.045,93003.65,93048.2,93019.016,92988.0
2024-11-26T00:55:40.064,93003.586,93048.2,93019.17,92988.0
2024-11-26T00:55:40.085,93004.0,93048.2,93019.21,92988.0
2024-11-26T00:55:40.104,93004.01,93048.2,93018.89,92988.0
2024-11-26T00:55:40.125,93002.89,93048.2,93018.93,92988.0
2024-11-26T00:55:40.144,93002.5,93048.2,93018.93,92988.0
2024-11-26T00:55:40.184,93002.5,93048.2,93018.93,92988.0
2024-11-26T00:55:40.204,93001.766,93048.2,93018.99,92988.0
2024-11-26T00:55:40.224,93001.42,93048.2,93018.695,92988.0
2024-11-26T00:55:40.244,93001.43,93048.2,93018.695,92988.0
2024-11-26T00:55:40.264,93001.43,93048.2,93018.664,92988.0
2024-11-26T00:55:40.284,93001.43,93048.2,93018.43,92988.0
2024-11-26T00:55:40.344,93001.43,93048.2,93018.06,92988.0
2024-11-26T00:55:40.404,93001.47,93048.2,93017.94,92988.0
2024-11-26T00:55:40.424,93001.47,93048.2,93017.85,92988.0
2024-11-26T00:55:40.444,93001.48,93048.2,93018.305,92988.0
2024-11-26T00:55:40.464,93002.88,93048.2,93018.69,92988.0
2024-11-26T00:55:40.484,93002.945,93048.2,93018.65,92988.0
2024-11-26T00:55:40.524,93002.58,93048.2,93018.625,92988.0
2024-11-26T00:55:40.544,93003.39,93048.2,93018.81,92988.0
2024-11-26T00:55:40.564,93003.39,93048.2,93018.84,92988.0
2024-11-26T00:55:40.584,93003.39,93048.2,93018.805,92988.0
2024-11-26T00:55:40.625,93002.93,93048.2,93018.805,92988.0
2024-11-26T00:55:40.645,93002.93,93048.2,93018.734,92988.0
2024-11-26T00:55:40.664,93002.93,93048.2,93018.79,92988.0
2024-11-26T00:55:40.685,93002.5,93048.2,93018.79,92988.0
2024-11-26T00:55:40.704,93001.79,93048.2,93018.79,92988.0
2024-11-26T00:55:40.724,93001.63,93048.2,93018.49,92988.0
2024-11-26T00:55:40.744,93001.63,93048.2,93018.03,92988.0
2024-11-26T00:55:40.764,93001.63,93048.2,93017.97,92988.0
2024-11-26T00:55:40.864,93001.64,93048.2,93017.97,92988.0
2024-11-26T00:55:40.884,93001.484,93048.2,93017.97,92988.0
2024-11-26T00:55:40.904,93001.484,93048.2,93017.98,92988.0
2024-11-26T00:55:40.984,93001.484,93048.2,93017.875,92988.0
2024-11-26T00:55:41.004,93001.484,93048.2,93017.88,92988.0
2024-11-26T00:55:41.064,93001.484,93048.2,93018.16,92988.0
2024-11-26T00:55:41.084,93003.305,93048.2,93018.03,92988.0
2024-11-26T00:55:41.104,93003.305,93048.2,93017.93,92988.0
2024-11-26T00:55:41.164,93003.305,93048.2,93017.9,92988.0
2024-11-26T00:55:41.185,93003.27,93048.2,93018.03,92988.0
2024-11-26T00:55:41.204,93003.31,93048.2,93018.1,92988.0
2024-11-26T00:55:41.224,93003.34,93048.2,93018.08,92988.0
2024-11-26T00:55:41.284,93002.84,93048.2,93018.08,92988.0
2024-11-26T00:55:41.304,93002.13,93048.2,93018.08,92988.0
2024-11-26T00:55:41.324,93001.625,93048.2,93017.99,92988.0
2024-11-26T00:55:41.344,93001.44,93048.2,93018.52,92988.0
2024-11-26T00:55:41.364,93001.44,93048.2,93018.17,92988.0
2024-11-26T00:55:41.404,93001.08,93048.2,93012.39,92988.0
2024-11-26T00:55:41.424,93001.14,93048.2,93009.72,92988.0
2024-11-26T00:55:41.444,93000.734,93048.2,93009.69,92988.0
2024-11-26T00:55:41.464,93001.086,93048.2,93009.99,92988.0
2024-11-26T00:55:41.484,93001.12,93048.2,93011.37,92988.0
2024-11-26T00:55:41.504,93001.23,93048.2,93011.76,92988.0
2024-11-26T00:55:41.525,93001.2,93048.2,93011.016,92988.0
2024-11-26T00:55:41.544,93001.2,93048.2,93010.266,92988.0
2024-11-26T00:55:41.564,93000.61,93048.2,93010.586,92988.0
2024-11-26T00:55:41.584,93000.9,93048.2,93010.69,92988.0
2024-11-26T00:55:41.604,93000.86,93048.2,93010.805,92988.0
2024-11-26T00:55:41.624,93000.71,93048.2,93010.805,92988.0
2024-11-26T00:55:41.644,93000.73,93048.2,93010.805,92988.0
2024-11-26T00:55:41.665,93000.76,93048.2,93010.875,92988.0
2024-11-26T00:55:41.684,93000.76,93048.2,93010.89,92988.0
2024-11-26T00:55:41.725,93000.766,93048.2,93010.9,92988.0
2024-11-26T00:55:41.744,93000.766,93048.2,93009.66,92988.0
2024-11-26T00:55:41.764,93001.0,93048.2,93007.98,92988.0
2024-11-26T00:55:41.784,93001.0,93048.2,93008.06,92988.0
2024-11-26T00:55:41.804,93000.99,93048.2,93008.37,92988.0
2024-11-26T00:55:41.824,93000.99,93048.2,93008.39,92988.0
2024-11-26T00:55:41.845,93001.0,93048.2,93008.25,92988.0
2024-11-26T00:55:41.87,93001.0,93048.2,93007.305,92988.0
2024-11-26T00:55:41.905,93001.0,93048.2,93007.305,92988.0
2024-11-26T00:55:41.924,93001.0,93048.2,93008.23,92988.0
2024-11-26T00:55:41.945,93001.0,93048.2,93008.23,92988.0
2024-11-26T00:55:41.964,93000.984,93048.2,93007.28,92988.0
2024-11-26T00:55:41.985,93000.984,93048.2,93007.3,92988.0
2024-11-26T00:55:42.004,93000.984,93048.2,93007.3,92988.0
2024-11-26T00:55:42.024,93000.984,93048.2,93008.75,92988.0
2024-11-26T00:55:42.044,93000.89,93048.2,93008.75,92988.0
2024-11-26T00:55:42.064,93000.89,93048.2,93008.79,92988.0
2024-11-26T00:55:42.104,93000.8,93048.2,93008.664,92988.0
2024-11-26T00:55:42.124,93000.8,93048.2,93008.64,92988.0
2024-11-26T00:55:42.144,93000.8,93048.2,93008.64,92988.0
2024-11-26T00:55:42.165,93000.805,93048.2,93008.46,92988.0
2024-11-26T00:55:42.184,93000.74,93048.2,93008.46,92988.0
2024-11-26T00:55:42.225,93000.74,93048.2,93008.44,92988.0
2024-11-26T00:55:42.264,93000.79,93048.2,93008.44,92988.0
2024-11-26T00:55:42.284,93000.79,93048.2,93008.61,92988.0
2024-11-26T00:55:42.305,93000.79,93048.2,93007.62,92988.0
2024-11-26T00:55:42.324,93000.74,93048.2,93007.64,92988.0
2024-11-26T00:55:42.345,93000.74,93048.2,93007.64,92988.0
2024-11-26T00:55:42.365,93000.766,93048.2,93007.64,92988.0
2024-11-26T00:55:42.484,93000.766,93048.2,93007.64,92988.0
2024-11-26T00:55:42.604,93000.77,93048.2,93007.64,92988.0
2024-11-26T00:55:42.625,93000.74,93048.2,93007.64,92988.0
2024-11-26T00:55:42.644,93000.76,93048.2,93007.64,92988.0
2024-11-26T00:55:42.964,93000.77,93048.2,93007.64,92988.0
2024-11-26T00:55:43.004,93000.79,93048.2,93007.64,92988.0
2024-11-26T00:55:43.024,93000.8,93048.2,93007.64,92988.0
2024-11-26T00:55:43.044,93000.86,93048.2,93007.414,92988.0
2024-11-26T00:55:43.064,93000.84,93048.2,93007.43,92988.0
2024-11-26T00:55:43.124,93000.84,93048.2,93007.414,92988.0
2024-11-26T00:55:43.164,93000.836,93048.2,93007.414,92988.0
2024-11-26T00:55:43.184,93000.05,93048.2,93007.414,92988.0
2024-11-26T00:55:43.244,93000.055,93048.2,93007.42,92988.0
2024-11-26T00:55:43.264,93000.06,93048.2,93007.42,92988.0
2024-11-26T00:55:43.324,93000.06,93048.2,93007.42,92988.0
2024-11-26T00:55:43.344,93000.09,93048.2,93007.42,92988.0
2024-11-26T00:55:43.364,93000.086,93048.2,93007.42,92988.0
2024-11-26T00:55:43.424,93000.086,93048.2,93007.42,92988.0
2024-11-26T00:55:43.444,93000.09,93048.2,93007.42,92988.0
2024-11-26T00:55:43.484,93000.08,93048.2,93007.336,92988.0
2024-11-26T00:55:43.524,93000.08,93048.2,93007.33,92988.0
2024-11-26T00:55:43.584,93000.08,93048.2,93007.35,92988.0
2024-11-26T00:55:43.764,93000.08,93048.2,93007.336,92988.0
2024-11-26T00:55:43.864,93000.08,93048.2,93007.336,92988.0
2024-11-26T00:55:43.884,93000.07,93048.2,93007.336,92988.0
2024-11-26T00:55:43.904,92987.12,93048.2,93002.69,92984.0
2024-11-26T00:55:43.924,92984.336,93048.2,92997.62,92983.0
2024-11-26T00:55:43.944,92984.26,93048.2,92998.54,92982.1
2024-11-26T00:55:43.964,92983.0,93048.2,92999.39,92979.1
2024-11-26T00:55:43.984,92987.96,93048.2,92999.6,92978.8
2024-11-26T00:55:44.004,92990.14,93048.2,93000.13,92978.8
2024-11-26T00:55:44.024,92990.04,93048.2,93000.17,92978.8
2024-11-26T00:55:44.044,92989.5,93048.2,93000.445,92978.8
2024-11-26T00:55:44.064,92989.46,93048.2,93000.46,92978.8
2024-11-26T00:55:44.084,92989.46,93048.2,93000.375,92978.8
2024-11-26T00:55:44.104,92990.1,93048.2,93000.4,92978.8
2024-11-26T00:55:44.124,92989.89,93048.2,93000.45,92978.8
2024-11-26T00:55:44.144,92989.89,93048.2,93000.21,92978.8
2024-11-26T00:55:44.164,92990.16,93048.2,92999.734,92978.8
2024-11-26T00:55:44.184,92990.15,93048.2,92999.734,92978.8
2024-11-26T00:55:44.205,92990.4,93048.2,92999.46,92978.8
2024-11-26T00:55:44.224,92990.38,93048.2,92999.48,92978.8
2024-11-26T00:55:44.244,92990.38,93048.2,92999.43,92978.8
2024-11-26T00:55:44.264,92990.37,93048.2,92999.37,92978.8
2024-11-26T00:55:44.304,92990.0,93048.2,92999.37,92978.8
2024-11-26T00:55:44.324,92990.0,93048.2,92999.75,92978.8
2024-11-26T00:55:44.344,92990.0,93048.2,92999.82,92978.8
2024-11-26T00:55:44.364,92989.97,93048.2,92999.82,92978.8
2024-11-26T00:55:44.404,92990.09,93048.2,92999.82,92978.8
2024-11-26T00:55:44.424,92990.09,93048.2,92999.82,92978.8
2024-11-26T00:55:44.444,92990.1,93048.2,92999.82,92978.8
2024-11-26T00:55:44.485,92990.13,93048.2,92999.82,92978.8
2024-11-26T00:55:44.545,92990.04,93048.2,92999.82,92978.8
2024-11-26T00:55:44.564,92990.07,93048.2,93000.0,92978.8
2024-11-26T00:55:44.584,92990.07,93048.2,93000.055,92978.8
2024-11-26T00:55:44.604,92990.04,93048.2,93000.055,92978.8
2024-11-26T00:55:44.684,92990.04,93048.2,93000.06,92978.8
2024-11-26T00:55:44.704,92990.04,93048.2,93000.086,92978.8
2024-11-26T00:55:44.724,92990.164,93048.2,93000.164,92978.8
2024-11-26T00:55:44.744,92990.164,93048.2,92997.28,92978.8
2024-11-26T00:55:44.764,92990.164,93048.2,92996.88,92978.8
2024-11-26T00:55:44.784,92990.164,93048.2,92996.52,92978.8
2024-11-26T00:55:44.804,92990.04,93048.2,92996.555,92978.8
2024-11-26T00:55:44.844,92990.04,93048.2,92996.56,92978.8
2024-11-26T00:55:44.864,92990.05,93048.2,92996.56,92978.8
2024-11-26T00:55:44.884,92990.04,93048.2,92996.56,92978.8
2024-11-26T00:55:44.924,92990.04,93048.2,92996.52,92978.8
2024-11-26T00:55:44.944,92990.04,93048.2,92996.37,92978.8
2024-11-26T00:55:44.984,92989.91,93048.2,92996.37,92978.8
2024-11-26T00:55:45.004,92989.91,93048.2,92996.37,92978.8
2024-11-26T00:55:45.024,92989.91,93048.2,92996.41,92978.8
2024-11-26T00:55:45.044,92989.91,93048.2,92996.57,92978.8
2024-11-26T00:55:45.084,92989.91,93048.2,92996.56,92978.8
2024-11-26T00:55:45.104,92989.91,93048.2,92996.266,92978.8
2024-11-26T00:55:45.124,92989.91,93048.2,92996.27,92978.8
2024-11-26T00:55:45.144,92989.91,93048.2,92996.43,92978.8
2024-11-26T00:55:45.164,92989.91,93048.2,92996.54,92978.8
2024-11-26T00:55:45.184,92989.91,93048.2,92996.5,92978.8
2024-11-26T00:55:45.204,92989.91,93048.2,92996.445,92978.8
2024-11-26T00:55:45.224,92989.93,93048.2,92996.445,92978.8
2024-11-26T00:55:45.324,92990.164,93048.2,92996.445,92978.8
2024-11-26T00:55:45.344,92989.93,93048.2,92996.445,92978.8
2024-11-26T00:55:45.484,92990.125,93048.2,92996.445,92978.8
2024-11-26T00:55:45.524,92990.14,93048.2,92996.445,92978.8
2024-11-26T00:55:45.544,92990.305,93048.2,92996.53,92978.8
2024-11-26T00:55:45.565,92990.33,93048.2,92996.7,92978.8
2024-11-26T00:55:45.584,92990.35,93048.2,92996.97,92978.8
2024-11-26T00:55:45.604,92990.35,93048.2,92997.51,92978.8
2024-11-26T00:55:45.624,92990.38,93048.2,92997.4,92978.8
2024-11-26T00:55:45.644,92990.38,93048.2,92997.43,92978.8
2024-11-26T00:55:45.665,92990.38,93048.2,92997.58,92978.8
2024-11-26T00:55:45.684,92990.31,93048.2,92997.164,92978.8
2024-11-26T00:55:45.704,92990.29,93048.2,92998.016,92978.8
2024-11-26T00:55:45.724,92990.29,93048.2,93000.01,92978.8
2024-11-26T00:55:45.744,92990.29,93048.2,93000.13,92978.8
2024-11-26T00:55:45.764,92990.29,93048.2,93000.19,92978.8
2024-11-26T00:55:45.785,92990.32,93048.2,93000.18,92978.8
2024-11-26T00:55:45.804,92990.24,93048.2,93000.18,92978.8
2024-11-26T00:55:45.844,92990.24,93048.2,93000.195,92978.8
2024-11-26T00:55:45.865,92990.24,93048.2,93000.195,92978.8
2024-11-26T00:55:45.904,92990.266,93048.2,93000.195,92978.8
2024-11-26T00:55:45.944,92989.66,93048.2,93002.586,92978.8
2024-11-26T00:55:45.964,92999.875,93048.2,93011.336,92978.8
2024-11-26T00:55:45.984,92999.12,93048.2,93012.78,92978.8
2024-11-26T00:55:46.004,93005.05,93048.2,93014.16,92978.8
2024-11-26T00:55:46.024,93002.51,93048.2,93014.38,92978.8
2024-11-26T00:55:46.044,93001.71,93048.2,93019.7,92978.8
2024-11-26T00:55:46.064,93005.53,93048.2,93020.31,92978.8
2024-11-26T00:55:46.084,93005.375,93048.2,93019.98,92978.8
2024-11-26T00:55:46.104,93005.36,93048.2,93019.914,92978.8
2024-11-26T00:55:46.124,93005.2,93048.2,93020.14,92978.8
2024-11-26T00:55:46.144,93004.78,93048.2,93015.55,92978.8
2024-11-26T00:55:46.164,93002.57,93048.2,93015.09,92978.8
2024-11-26T00:55:46.184,93001.96,93048.2,93015.1,92978.8
2024-11-26T00:55:46.204,93002.18,93048.2,93015.1,92978.8
2024-11-26T00:55:46.224,93000.266,93048.2,93015.125,92978.8
2024-11-26T00:55:46.244,92999.92,93048.2,93015.125,92978.8
2024-11-26T00:55:46.264,92999.91,93048.2,93015.18,92978.8
2024-11-26T00:55:46.284,92999.586,93048.2,93015.125,92978.8
2024-11-26T00:55:46.304,92999.61,93048.2,93015.125,92978.8
2024-11-26T00:55:46.324,92999.78,93048.2,93015.125,92978.8
2024-11-26T00:55:46.345,92999.836,93048.2,93015.125,92978.8
2024-11-26T00:55:46.384,92999.836,93048.2,93015.0,92978.8
2024-11-26T00:55:46.425,92999.836,93048.2,93015.0,92978.8
2024-11-26T00:55:46.444,92999.836,93048.2,93015.0,92978.8
2024-11-26T00:55:46.484,92999.83,93048.2,93015.14,92978.8
2024-11-26T00:55:46.504,92999.83,93048.2,93015.16,92978.8
2024-11-26T00:55:46.524,93000.08,93048.2,93015.16,92978.8
2024-11-26T00:55:46.564,93000.15,93048.2,93015.16,92978.8
2024-11-26T00:55:46.604,93000.2,93048.2,93015.2,92978.8
2024-11-26T00:55:46.644,93002.64,93048.2,93015.49,92978.8
2024-11-26T00:55:46.664,93003.03,93048.2,93015.484,92978.8
2024-11-26T00:55:46.685,93003.625,93048.2,93015.484,92978.8
2024-11-26T00:55:46.704,93003.625,93048.2,93015.45,92978.8
2024-11-26T00:55:46.724,93002.95,93048.2,93015.45,92978.8
2024-11-26T00:55:46.744,93002.1,93048.2,93015.45,92978.8
2024-11-26T00:55:46.764,93001.36,93048.2,93015.77,92978.8
2024-11-26T00:55:46.784,93002.92,93048.2,93015.7,92978.8
2024-11-26T00:55:46.804,93002.01,93048.2,93015.12,92978.8
2024-11-26T00:55:46.824,93001.15,93048.2,93014.82,92978.8
2024-11-26T00:55:46.844,93000.78,93048.2,93014.95,92978.8
2024-11-26T00:55:46.864,92999.97,93048.2,93015.195,92978.8
2024-11-26T00:55:46.884,93001.38,93048.2,93015.164,92978.8
2024-11-26T00:55:46.904,93001.81,93048.2,93015.14,92978.8
2024-11-26T00:55:46.924,93001.875,93048.2,93015.23,92978.8
2024-11-26T00:55:46.944,93001.875,93048.2,93015.24,92978.8
2024-11-26T00:55:46.964,93002.02,93048.2,93015.24,92978.8
2024-11-26T00:55:46.984,93002.06,93048.2,93013.8,92978.8
2024-11-26T00:55:47.004,93001.46,93048.2,93013.8,92978.8
2024-11-26T00:55:47.024,93001.44,93048.2,93013.82,92978.8
2024-11-26T00:55:47.044,93001.45,93048.2,93013.82,92978.8
2024-11-26T00:55:47.064,93001.484,93048.2,93013.82,92978.8
2024-11-26T00:55:47.124,93001.484,93048.2,93013.82,92978.8
2024-11-26T00:55:47.164,92991.94,93048.2,93009.05,92978.8
2024-11-26T00:55:47.184,92990.734,93048.2,93007.88,92978.8
2024-11-26T00:55:47.204,92990.49,93048.2,93008.21,92978.8
2024-11-26T00:55:47.224,92990.88,93048.2,93008.27,92978.8
2024-11-26T00:55:47.244,92991.36,93048.2,93008.34,92978.8
2024-11-26T00:55:47.264,92992.76,93048.2,93008.32,92978.8
2024-11-26T00:55:47.284,92992.8,93048.2,93007.91,92978.8
2024-11-26T00:55:47.304,92993.36,93048.2,93008.3,92978.8
2024-11-26T00:55:47.324,92993.28,93048.2,93008.3,92978.8
2024-11-26T00:55:47.344,92993.26,93048.2,93008.27,92978.8
2024-11-26T00:55:47.364,92994.336,93048.2,93008.484,92978.8
2024-11-26T00:55:47.384,92993.85,93048.2,93008.51,92978.8
2024-11-26T00:55:47.404,92993.93,93048.2,93008.51,92978.8
2024-11-26T00:55:47.424,92992.91,93048.2,93008.484,92978.8
2024-11-26T00:55:47.444,92992.805,93048.2,93008.52,92978.8
2024-11-26T00:55:47.464,92992.74,93048.2,93008.56,92978.8
2024-11-26T00:55:47.484,92992.74,93048.2,93008.6,92978.8
2024-11-26T00:55:47.504,92992.74,93048.2,93008.625,92978.8
2024-11-26T00:55:47.524,92992.74,93048.2,93008.63,92978.8
2024-11-26T00:55:47.544,92989.09,93048.2,93003.984,92978.8
2024-11-26T00:55:47.564,92989.414,93048.2,93005.31,92978.8
2024-11-26T00:55:47.584,92989.27,93048.2,93005.78,92978.8
2024-11-26T00:55:47.604,92990.45,93048.2,93006.9,92978.8
2024-11-26T00:55:47.624,92990.26,93048.2,93006.58,92978.8
2024-11-26T00:55:47.644,92991.69,93048.2,93007.01,92978.8
2024-11-26T00:55:47.664,92993.516,93048.2,93008.125,92978.8
2024-11-26T00:55:47.684,92993.58,93048.2,93008.27,92978.8
2024-11-26T00:55:47.704,92993.53,93048.2,93007.17,92978.8
2024-11-26T00:55:47.724,92993.586,93048.2,93007.83,92978.8
2024-11-26T00:55:47.744,92995.32,93048.2,93009.31,92978.8
2024-11-26T00:55:47.764,92996.66,93048.2,93010.08,92978.8
2024-11-26T00:55:47.784,92996.625,93048.2,93010.016,92978.8
2024-11-26T00:55:47.804,92996.664,93048.2,93009.72,92978.8
2024-11-26T00:55:47.824,92995.83,93048.2,93011.914,92978.8
2024-11-26T00:55:47.844,92995.55,93048.2,93011.91,92978.8
2024-11-26T00:55:47.864,92996.73,93048.2,93011.9,92978.8
2024-11-26T00:55:47.884,92997.19,93048.2,93011.875,92978.8
2024-11-26T00:55:47.904,92997.19,93048.2,93011.9,92978.8
2024-11-26T00:55:47.924,92997.234,93048.2,93011.734,92978.8
2024-11-26T00:55:47.944,92997.266,93048.2,93011.76,92978.8
2024-11-26T00:55:47.964,92997.625,93048.2,93011.766,92978.8
2024-11-26T00:55:47.984,92997.64,93048.2,93011.766,92978.8
2024-11-26T00:55:48.004,92997.67,93048.2,93011.75,92978.8
2024-11-26T00:55:48.024,92997.74,93048.2,93011.75,92978.8
2024-11-26T00:55:48.044,92997.81,93048.2,93011.75,92978.8
2024-11-26T00:55:48.064,92997.72,93048.2,93011.75,92978.8
2024-11-26T00:55:48.084,92997.66,93048.2,93011.75,92978.8
2024-11-26T00:55:48.104,92997.58,93048.2,93011.75,92978.8
2024-11-26T00:55:48.124,92997.58,93048.2,93011.7,92978.8
2024-11-26T00:55:48.164,92997.58,93048.2,93011.66,92978.8
2024-11-26T00:55:48.244,92997.58,93048.2,93011.66,92978.8
2024-11-26T00:55:48.284,92997.58,93048.2,93011.66,92978.8
2024-11-26T00:55:48.304,92997.6,93048.2,93011.69,92978.8
2024-11-26T00:55:48.424,92997.6,93048.2,93011.69,92978.8
2024-11-26T00:55:48.544,92997.6,93048.2,93011.69,92978.8
2024-11-26T00:55:48.564,92997.68,93048.2,93011.69,92978.8
2024-11-26T00:55:48.584,93000.766,93048.2,93011.71,92978.8
2024-11-26T00:55:48.604,92999.734,93048.2,93011.766,92978.8
2024-11-26T00:55:48.624,92999.27,93048.2,93012.016,92978.8
2024-11-26T00:55:48.644,92998.94,93048.2,93012.016,92978.8
2024-11-26T00:55:48.664,92998.94,93048.2,93012.016,92978.8
2024-11-26T00:55:48.684,92998.93,93048.2,93012.016,92978.8
2024-11-26T00:55:48.704,92998.92,93048.2,93011.99,92978.8
2024-11-26T00:55:48.724,92998.84,93048.2,93011.99,92978.8
2024-11-26T00:55:48.744,92998.875,93048.2,93012.01,92978.8
2024-11-26T00:55:48.764,92998.836,93048.2,93012.01,92978.8
2024-11-26T00:55:48.784,92998.82,93048.2,93012.01,92978.8
2024-11-26T00:55:48.824,92998.82,93048.2,93011.99,92978.8
2024-11-26T00:55:48.844,92998.86,93048.2,93011.99,92978.8
2024-11-26T00:55:48.864,92998.89,93048.2,93011.99,92978.8
2024-11-26T00:55:48.904,92998.91,93048.2,93011.99,92978.8
2024-11-26T00:55:48.944,92998.91,93048.2,93012.06,92978.8
2024-11-26T00:55:48.984,92998.95,93048.2,93013.42,92978.8
2024-11-26T00:55:49.004,93000.66,93048.2,93014.71,92978.8
2024-11-26T00:55:49.024,93000.46,93048.2,93014.7,92978.8
2024-11-26T00:55:49.044,92998.88,93048.2,93014.62,92978.8
2024-11-26T00:55:49.064,92998.445,93048.2,93014.62,92978.8
2024-11-26T00:55:49.084,92998.29,93048.2,93014.62,92978.8
2024-11-26T00:55:49.104,92998.28,93048.2,93014.62,92978.8
2024-11-26T00:55:49.124,92999.17,93048.2,93014.68,92978.8
2024-11-26T00:55:49.144,92999.18,93048.2,93014.055,92978.8
2024-11-26T00:55:49.164,92999.375,93048.2,93013.88,92978.8
2024-11-26T00:55:49.184,92999.13,93048.2,93013.88,92978.8
2024-11-26T00:55:49.204,92998.95,93048.2,93013.664,92978.8
2024-11-26T00:55:49.224,92998.02,93048.2,93013.98,92978.8
2024-11-26T00:55:49.244,92998.2,93048.2,93014.06,92978.8
2024-11-26T00:55:49.264,92998.4,93048.2,93014.03,92978.8
2024-11-26T00:55:49.284,92998.38,93048.2,93014.03,92978.8
2024-11-26T00:55:49.304,92998.3,93048.2,93014.03,92978.8
2024-11-26T00:55:49.324,92998.4,93048.2,93014.09,92978.8
2024-11-26T00:55:49.344,92998.44,93048.2,93014.09,92978.8
2024-11-26T00:55:49.364,92998.44,93048.2,93014.21,92978.8
2024-11-26T00:55:49.444,92998.55,93048.2,93014.21,92978.8
2024-11-26T00:55:49.464,92998.07,93048.2,93014.21,92978.8
2024-11-26T00:55:49.484,92995.55,93048.2,93014.21,92978.8
2024-11-26T00:55:49.504,92995.18,93048.2,93014.21,92978.8
2024-11-26T00:55:49.524,92994.96,93048.2,93014.21,92978.8
2024-11-26T00:55:49.564,92994.96,93048.2,93014.21,92978.8
2024-11-26T00:55:49.584,92994.97,93048.2,93014.21,92978.8
2024-11-26T00:55:49.604,92994.84,93048.2,93014.21,92978.8
2024-11-26T00:55:49.664,93001.83,93048.2,93014.32,92978.8
2024-11-26T00:55:49.684,93004.3,93048.2,93014.555,92978.8
2024-11-26T00:55:49.704,93004.24,93048.2,93014.58,92978.8
2024-11-26T00:55:49.724,93004.12,93048.2,93014.58,92978.8
2024-11-26T00:55:49.744,93004.15,93048.2,93014.37,92978.8
2024-11-26T00:55:49.764,93003.88,93048.2,93016.266,92978.8
2024-11-26T00:55:49.784,93005.2,93048.2,93016.055,92978.8
2024-11-26T00:55:49.804,93005.61,93048.2,93016.016,92978.8
2024-11-26T00:55:49.824,93005.62,93048.2,93016.016,92978.8
2024-11-26T00:55:49.845,93005.875,93048.2,93016.086,92978.8
2024-11-26T00:55:49.864,93006.695,93048.2,93016.05,92978.8
2024-11-26T00:55:49.884,93006.84,93048.2,93016.04,92978.8
2024-11-26T00:55:49.904,93007.125,93048.2,93016.086,92978.8
2024-11-26T00:55:49.924,93007.27,93048.2,93016.086,92978.8
2024-11-26T00:55:49.945,93006.78,93048.2,93016.086,92978.8
2024-11-26T00:55:49.964,93006.7,93048.2,93016.086,92978.8
2024-11-26T00:55:50.025,93006.69,93048.2,93016.086,92978.8
2024-11-26T00:55:50.044,93006.38,93048.2,93016.1,92978.8
2024-11-26T00:55:50.064,93006.4,93048.2,93016.15,92978.8
2024-11-26T00:55:50.084,93006.414,93048.2,93016.16,92978.8
2024-11-26T00:55:50.124,93006.414,93048.2,93016.48,92978.8
2024-11-26T00:55:50.144,93006.414,93048.2,93016.3,92978.8
2024-11-26T00:55:50.164,93006.414,93048.2,93016.4,92978.8
2024-11-26T00:55:50.184,93006.85,93048.2,93016.37,92978.8
2024-11-26T00:55:50.204,93006.3,93048.2,93016.13,92978.8
2024-11-26T00:55:50.224,93003.336,93048.2,93016.195,92978.8
2024-11-26T00:55:50.244,93000.92,93048.2,93015.9,92978.8
2024-11-26T00:55:50.264,93001.89,93048.2,93015.41,92978.8
2024-11-26T00:55:50.284,93001.805,93048.2,93015.266,92978.8
2024-11-26T00:55:50.304,93001.78,93048.2,93015.266,92978.8
2024-11-26T00:55:50.325,93001.78,93048.2,93015.72,92978.8
2024-11-26T00:55:50.344,93002.03,93048.2,93015.695,92978.8
2024-11-26T00:55:50.364,93003.52,93048.2,93015.695,92978.8
2024-11-26T00:55:50.384,93004.95,93048.2,93015.695,92978.8
2024-11-26T00:55:50.404,93006.52,93048.2,93016.03,92978.8
2024-11-26T00:55:50.424,93005.79,93048.2,93016.19,92978.8
2024-11-26T00:55:50.445,93005.64,93048.2,93016.2,92978.8
2024-11-26T00:55:50.465,93005.05,93048.2,93016.164,92978.8
2024-11-26T00:55:50.484,93007.26,93048.2,93016.49,92978.8
2024-11-26T00:55:50.504,93006.68,93048.2,93016.33,92978.8
2024-11-26T00:55:50.524,93006.13,93048.2,93016.77,92978.8
2024-11-26T00:55:50.545,93006.09,93048.2,93016.77,92978.8
2024-11-26T00:55:50.564,93006.63,93048.2,93016.77,92978.8
2024-11-26T00:55:50.584,93006.555,93048.2,93016.516,92978.8
2024-11-26T00:55:50.604,93006.555,93048.2,93016.48,92978.8
2024-11-26T00:55:50.624,93006.664,93048.2,93016.16,92978.8
2024-11-26T00:55:50.644,93006.664,93048.2,93016.16,92978.8
2024-11-26T00:55:50.744,93006.23,93048.2,93016.164,92978.8
2024-11-26T00:55:50.764,93006.11,93048.2,93016.164,92978.8
2024-11-26T00:55:50.785,93006.11,93048.2,93016.164,92978.8
2024-11-26T00:55:50.825,93006.11,93048.2,93016.164,92978.8
2024-11-26T00:55:50.845,93006.12,93048.2,93016.164,92978.8
2024-11-26T00:55:50.904,93006.12,93048.2,93016.02,92978.8
2024-11-26T00:55:50.924,93006.12,93048.2,93016.01,92978.8
2024-11-26T00:55:51.005,93006.11,93048.2,93016.125,92978.8
2024-11-26T00:55:51.044,93006.11,93048.2,93016.125,92978.8
2024-11-26T00:55:51.105,93006.13,93048.2,93016.12,92978.8
2024-11-26T00:55:51.124,93006.35,93048.2,93016.12,92978.8
2024-11-26T00:55:51.184,93006.35,93048.2,93016.125,92978.8
2024-11-26T00:55:51.204,93006.35,93048.2,93016.13,92978.8
2024-11-26T00:55:51.265,93006.35,93048.2,93016.18,92978.8
2024-11-26T00:55:51.285,93006.35,93048.2,93016.18,92978.8
2024-11-26T00:55:51.345,93006.24,93048.2,93016.18,92978.8
2024-11-26T00:55:51.384,93006.24,93048.2,93016.18,92978.8
2024-11-26T00:55:51.444,93006.234,93048.2,93016.18,92978.8
2024-11-26T00:55:51.504,93006.234,93048.2,93016.32,92978.8
2024-11-26T00:55:51.545,93006.234,93048.2,93016.32,92978.8
2024-11-26T00:55:51.585,93006.234,93048.2,93016.33,92978.8
2024-11-26T00:55:51.644,93006.445,93048.2,93016.34,92978.8
2024-11-26T00:55:51.665,93006.5,93048.2,93016.34,92978.8
2024-11-26T00:55:51.684,93006.52,93048.2,93016.836,92978.8
2024-11-26T00:55:51.705,93006.56,93048.2,93016.836,92978.8
2024-11-26T00:55:51.724,93006.69,93048.2,93016.836,92978.8
2024-11-26T00:55:51.744,93006.69,93048.2,93016.85,92978.8
2024-11-26T00:55:51.784,93006.78,93048.2,93016.875,92978.8
2024-11-26T00:55:51.804,93006.75,93048.2,93016.805,92978.8
2024-11-26T00:55:51.824,93006.75,93048.2,93016.805,92978.8
2024-11-26T00:55:51.844,93006.66,93048.2,93016.805,92978.8
2024-11-26T00:55:51.864,93006.695,93048.2,93016.87,92978.8
2024-11-26T00:55:51.884,93006.695,93048.2,93017.24,92978.8
2024-11-26T00:55:51.904,93006.734,93048.2,93017.24,92978.8
2024-11-26T00:55:51.944,93006.87,93048.2,93018.195,92978.8
2024-11-26T00:55:51.964,93007.06,93048.2,93018.12,92978.8
2024-11-26T00:55:51.984,93008.16,93048.2,93023.08,92978.8
2024-11-26T00:55:52.004,93012.914,93048.2,93027.59,92978.8
2024-11-26T00:55:52.024,93020.33,93048.2,93030.5,92978.8
2024-11-26T00:55:52.044,93017.85,93048.2,93032.59,92978.8
2024-11-26T00:55:52.064,93014.625,93048.2,93032.54,92978.8
2024-11-26T00:55:52.084,93014.3,93048.2,93030.44,92978.8
2024-11-26T00:55:52.104,93014.234,93048.2,93028.88,92978.8
2024-11-26T00:55:52.125,93016.016,93048.2,93029.63,92978.8
2024-11-26T00:55:52.144,93016.766,93048.2,93028.375,92978.8
2024-11-26T00:55:52.165,93017.68,93048.2,93028.41,92978.8
2024-11-26T00:55:52.184,93017.7,93048.2,93029.89,92978.8
2024-11-26T00:55:52.204,93017.7,93048.2,93030.44,92978.8
2024-11-26T00:55:52.224,93017.69,93048.2,93030.85,92978.8
2024-11-26T00:55:52.244,93017.625,93048.2,93033.35,92978.8
2024-11-26T00:55:52.264,93022.57,93048.2,93034.1,92978.8
2024-11-26T00:55:52.284,93022.64,93048.2,93033.32,92978.8
2024-11-26T00:55:52.304,93026.36,93048.2,93035.32,92978.8
2024-11-26T00:55:52.324,93025.625,93048.2,93035.41,92978.8
2024-11-26T00:55:52.344,93024.734,93048.2,93035.64,92978.8
2024-11-26T00:55:52.364,93024.24,93048.2,93035.766,92978.8
2024-11-26T00:55:52.384,93024.35,93048.2,93035.77,92978.8
2024-11-26T00:55:52.404,93024.35,93048.2,93035.77,92978.8
2024-11-26T00:55:52.424,93029.836,93048.2,93038.24,92978.8
2024-11-26T00:55:52.444,93030.68,93049.4,93039.336,92978.8
2024-11-26T00:55:52.464,93026.54,93049.4,93038.53,92978.8
2024-11-26T00:55:52.484,93022.24,93049.4,93039.32,92978.8
2024-11-26T00:55:52.504,93021.46,93049.4,93039.5,92978.8
2024-11-26T00:55:52.524,93021.266,93049.4,93038.55,92978.8
2024-11-26T00:55:52.544,93018.25,93049.4,93038.56,92978.8
2024-11-26T00:55:52.564,93020.72,93049.4,93036.91,92978.8
2024-11-26T00:55:52.584,93016.83,93049.4,93037.76,92978.8
2024-11-26T00:55:52.604,93016.734,93049.4,93038.04,92978.8
2024-11-26T00:55:52.624,93016.12,93049.4,93037.36,92978.8
2024-11-26T00:55:52.644,93016.06,93049.4,93035.7,92978.8
2024-11-26T00:55:52.664,93016.055,93049.4,93035.73,92978.8
2024-11-26T00:55:52.704,93016.06,93049.4,93035.734,92978.8
2024-11-26T00:55:52.724,93015.91,93049.4,93035.5,92978.8
2024-11-26T00:55:52.744,93016.05,93049.4,93037.33,92978.8
2024-11-26T00:55:52.764,93017.664,93049.4,93037.15,92978.8
2024-11-26T00:55:52.784,93017.664,93049.4,93037.12,92978.8
2024-11-26T00:55:52.804,93017.664,93049.4,93036.81,92978.8
2024-11-26T00:55:52.824,93017.664,93049.4,93036.9,92978.8
2024-11-26T00:55:52.844,93018.07,93049.4,93036.9,92978.8
2024-11-26T00:55:52.884,93018.6,93049.4,93036.984,92978.8
2024-11-26T00:55:52.904,93018.85,93049.4,93036.9,92978.8
2024-11-26T00:55:52.924,93019.38,93049.4,93036.7,92978.8
2024-11-26T00:55:52.944,93019.17,93049.4,93036.7,92978.8
2024-11-26T00:55:52.964,93019.125,93049.4,93036.7,92978.8
2024-11-26T00:55:53.004,93019.66,93049.4,93036.805,92978.8
2024-11-26T00:55:53.024,93019.93,93049.4,93036.805,92978.8
2024-11-26T00:55:53.044,93019.88,93049.4,93036.805,92978.8
2024-11-26T00:55:53.064,93020.04,93049.4,93037.1,92978.8
2024-11-26T00:55:53.084,93012.83,93049.4,93027.59,92978.8
2024-11-26T00:55:53.104,93011.26,93049.4,93026.48,92978.8
2024-11-26T00:55:53.124,93007.07,93049.4,93027.29,92978.8
2024-11-26T00:55:53.144,93007.03,93049.4,93027.945,92978.8
2024-11-26T00:55:53.164,93002.87,93049.4,93028.29,92978.8
2024-11-26T00:55:53.184,93004.37,93049.4,93026.87,92978.8
2024-11-26T00:55:53.204,93003.4,93049.4,93026.96,92978.8
2024-11-26T00:55:53.224,93003.8,93049.4,93026.76,92978.8
2024-11-26T00:55:53.244,93003.97,93049.4,93026.63,92978.8
2024-11-26T00:55:53.264,93003.97,93049.4,93026.49,92978.8
2024-11-26T00:55:53.284,93003.08,93049.4,93026.49,92978.8
2024-11-26T00:55:53.304,93002.97,93049.4,93026.48,92978.8
2024-11-26T00:55:53.344,93002.65,93049.4,93026.48,92978.8
2024-11-26T00:55:53.364,93002.98,93049.4,93026.48,92978.8
2024-11-26T00:55:53.404,93002.98,93049.4,93026.5,92978.8
2024-11-26T00:55:53.424,93002.7,93049.4,93026.5,92978.8
2024-11-26T00:55:53.444,93003.68,93049.4,93026.5,92978.8
2024-11-26T00:55:53.464,93003.99,93049.4,93026.5,92978.8
2024-11-26T00:55:53.484,93003.99,93049.4,93026.54,92978.8
2024-11-26T00:55:53.504,93003.99,93049.4,93026.5,92978.8
2024-11-26T00:55:53.524,93003.99,93049.4,93026.484,92978.8
2024-11-26T00:55:53.564,93004.086,93049.4,93026.445,92978.8
2024-11-26T00:55:53.584,93004.086,93049.4,93026.46,92978.8
2024-11-26T00:55:53.604,93004.164,93049.4,93026.45,92978.8
2024-11-26T00:55:53.624,93004.19,93049.4,93026.36,92978.8
2024-11-26T00:55:53.664,93004.19,93049.4,93026.36,92978.8
2024-11-26T00:55:53.684,93004.99,93049.4,93026.31,92978.8
2024-11-26T00:55:53.704,93005.18,93049.4,93026.31,92978.8
2024-11-26T00:55:53.784,93003.266,93049.4,93026.305,92978.8
2024-11-26T00:55:53.804,93003.07,93049.4,93026.305,92978.8
2024-11-26T00:55:53.824,93003.07,93049.4,93026.33,92978.8
2024-11-26T00:55:53.884,93002.94,93049.4,93026.5,92978.8
2024-11-26T00:55:53.904,93002.94,93049.4,93026.51,92978.8
2024-11-26T00:55:53.944,93002.94,93049.4,93026.484,92978.8
2024-11-26T00:55:53.984,93002.94,93049.4,93025.95,92978.8
2024-11-26T00:55:54.064,93002.94,93049.4,93025.586,92978.8
2024-11-26T00:55:54.104,93002.94,93049.4,93025.87,92978.8
2024-11-26T00:55:54.124,93002.94,93049.4,93025.87,92978.8
2024-11-26T00:55:54.144,93003.43,93049.4,93025.55,92978.8
2024-11-26T00:55:54.164,93003.36,93049.4,93025.57,92978.8
2024-11-26T00:55:54.184,93003.19,93049.4,93025.57,92978.8
2024-11-26T00:55:54.224,93003.19,93049.4,93025.94,92978.8
2024-11-26T00:55:54.244,93003.19,93049.4,93025.94,92978.8
2024-11-26T00:55:54.284,93003.19,93049.4,93025.94,92978.8
2024-11-26T00:55:54.324,93003.19,93049.4,93025.94,92978.8
2024-11-26T00:55:54.444,93003.15,93049.4,93025.94,92978.8
2024-11-26T00:55:54.504,93003.15,93049.4,93025.98,92978.8
2024-11-26T00:55:54.564,93003.14,93049.4,93025.98,92978.8
2024-11-26T00:55:54.584,93003.14,93049.4,93025.984,92978.8
2024-11-26T00:55:54.644,93014.445,93049.4,93025.96,92978.8
2024-11-26T00:55:54.664,93012.98,93049.4,93028.65,92978.8
2024-11-26T00:55:54.685,93012.45,93049.4,93028.23,92978.8
2024-11-26T00:55:54.704,93010.484,93049.4,93028.125,92978.8
2024-11-26T00:55:54.724,93012.3,93049.4,93028.12,92978.8
2024-11-26T00:55:54.744,93012.37,93049.4,93028.125,92978.8
2024-11-26T00:55:54.764,93012.125,93049.4,93028.445,92978.8
2024-11-26T00:55:54.785,93010.66,93049.4,93028.445,92978.8
2024-11-26T00:55:54.804,93011.875,93049.4,93028.39,92978.8
2024-11-26T00:55:54.824,93012.35,93049.4,93028.4,92978.8
2024-11-26T00:55:54.844,93011.984,93049.4,93028.4,92978.8
2024-11-26T00:55:54.864,93010.84,93049.4,93028.695,92978.8
2024-11-26T00:55:54.884,93010.68,93049.4,93028.78,92978.8
2024-11-26T00:55:54.904,93012.01,93049.4,93028.78,92978.8
2024-11-26T00:55:54.924,93006.35,93049.4,93028.62,92978.8
2024-11-26T00:55:54.944,93006.38,93049.4,93022.984,92978.8
2024-11-26T00:55:54.964,93004.23,93049.4,93025.73,92978.8
2024-11-26T00:55:54.984,93004.5,93049.4,93025.54,92978.8
2024-11-26T00:55:55.004,93004.78,93049.4,93024.31,92978.8
2024-11-26T00:55:55.024,93004.12,93049.4,93024.195,92978.8
2024-11-26T00:55:55.044,93004.44,93049.4,93024.08,92978.8
2024-11-26T00:55:55.064,93004.54,93049.4,93024.08,92978.8
2024-11-26T00:55:55.084,93004.6,93049.4,93026.13,92978.8
2024-11-26T00:55:55.104,93004.86,93049.4,93026.38,92978.8
2024-11-26T00:55:55.124,93004.86,93049.4,93026.34,92978.8
2024-11-26T00:55:55.144,93004.86,93049.4,93024.19,92978.8
2024-11-26T00:55:55.164,93005.695,93049.4,93024.125,92978.8
2024-11-26T00:55:55.184,93004.68,93049.4,93023.44,92978.8
2024-11-26T00:55:55.204,93003.76,93049.4,93021.09,92978.8
2024-11-26T00:55:55.224,93003.76,93049.4,93021.09,92978.8
2024-11-26T00:55:55.244,93004.164,93049.4,93021.09,92978.8
2024-11-26T00:55:55.264,93004.18,93049.4,93021.16,92978.8
2024-11-26T00:55:55.284,93004.18,93049.4,93021.28,92978.8
2024-11-26T00:55:55.304,93004.35,93049.4,93021.19,92978.8
2024-11-26T00:55:55.324,93004.35,93049.4,93021.19,92978.8
2024-11-26T00:55:55.364,93004.08,93049.4,93021.195,92978.8
2024-11-26T00:55:55.384,93003.92,93049.4,93021.195,92978.8
2024-11-26T00:55:55.404,93003.94,93049.4,93021.12,92978.8
2024-11-26T00:55:55.424,93001.71,93049.4,93018.22,92978.8
2024-11-26T00:55:55.444,93002.75,93049.4,93017.91,92978.8
2024-11-26T00:55:55.464,93002.25,93049.4,93018.57,92978.8
2024-11-26T00:55:55.484,93002.875,93049.4,93018.63,92978.8
2024-11-26T00:55:55.504,93003.74,93049.4,93018.68,92978.8
2024-11-26T00:55:55.524,93003.76,93049.4,93018.71,92978.8
2024-11-26T00:55:55.544,93003.85,93049.4,93018.71,92978.8
2024-11-26T00:55:55.584,93003.85,93049.4,93018.69,92978.8
2024-11-26T00:55:55.604,93003.19,93049.4,93018.69,92978.8
2024-11-26T00:55:55.624,93003.19,93049.4,93018.69,92978.8
2024-11-26T00:55:55.664,93005.89,93049.4,93018.69,92978.8
2024-11-26T00:55:55.684,93009.81,93049.4,93019.28,92978.8
2024-11-26T00:55:55.704,93008.72,93049.4,93019.8,92978.8
2024-11-26T00:55:55.724,93008.47,93049.4,93019.81,92978.8
2024-11-26T00:55:55.745,93009.47,93049.4,93019.95,92978.8
2024-11-26T00:55:55.764,93009.98,93049.4,93017.664,92978.8
2024-11-26T00:55:55.784,93009.98,93049.4,93017.32,92978.8
2024-11-26T00:55:55.804,93009.99,93049.4,93017.2,92978.8
2024-11-26T00:55:55.824,93008.05,93049.4,93017.2,92978.8
2024-11-26T00:55:55.844,93008.33,93049.4,93017.586,92978.8
2024-11-26T00:55:55.864,93008.336,93049.4,93017.586,92978.8
2024-11-26T00:55:55.904,93007.18,93049.4,93017.586,92978.8
2024-11-26T00:55:55.924,93007.195,93049.4,93017.586,92978.8
2024-11-26T00:55:55.944,93007.195,93049.4,93017.586,92978.8
2024-11-26T00:55:56.084,93007.195,93049.4,93018.62,92978.8
2024-11-26T00:55:56.104,93008.33,93049.4,93018.74,92978.8
2024-11-26T00:55:56.124,93005.51,93049.4,93018.86,92978.8
2024-11-26T00:55:56.144,93003.27,93049.4,93018.695,92978.8
2024-11-26T00:55:56.164,93003.27,93049.4,93018.74,92978.8
2024-11-26T00:55:56.184,93003.266,93049.4,93018.766,92978.8
2024-11-26T00:55:56.204,93003.24,93049.4,93018.77,92978.8
2024-11-26T00:55:56.244,93003.62,93049.4,93018.766,92978.8
2024-11-26T00:55:56.304,93003.24,93049.4,93018.766,92978.8
2024-11-26T00:55:56.324,93003.24,93049.4,93018.766,92978.8
2024-11-26T00:55:56.404,93003.33,93049.4,93018.766,92978.8
2024-11-26T00:55:56.484,93003.336,93049.4,93018.75,92978.8
2024-11-26T00:55:56.504,93003.336,93049.4,93018.74,92978.8
2024-11-26T00:55:56.584,93010.57,93049.4,93019.016,92978.8
2024-11-26T00:55:56.604,93010.97,93049.4,93020.26,92978.8
2024-11-26T00:55:56.625,93010.29,93049.4,93020.3,92978.8
2024-11-26T00:55:56.644,93010.74,93049.4,93020.26,92978.8
2024-11-26T00:55:56.664,93010.87,93049.4,93020.24,92978.8
2024-11-26T00:55:56.684,93010.79,93049.4,93020.31,92978.8
2024-11-26T00:55:56.704,93010.8,93049.4,93020.31,92978.8
2024-11-26T00:55:56.745,93010.586,93049.4,93020.29,92978.8
2024-11-26T00:55:56.764,93009.24,93049.4,93020.65,92978.8
2024-11-26T00:55:56.784,93009.55,93049.4,93020.42,92978.8
2024-11-26T00:55:56.805,93009.9,93049.4,93020.42,92978.8
2024-11-26T00:55:56.824,93009.16,93049.4,93020.414,92978.8
2024-11-26T00:55:56.864,93009.9,93049.4,93020.6,92978.8
2024-11-26T00:55:56.884,93010.02,93049.4,93020.83,92978.8
2024-11-26T00:55:56.944,93010.18,93049.4,93020.83,92978.8
2024-11-26T00:55:56.984,93010.18,93049.4,93020.695,92978.8
2024-11-26T00:55:57.044,93008.65,93049.4,93020.83,92978.8
2024-11-26T00:55:57.064,93008.42,93049.4,93020.83,92978.8
2024-11-26T00:55:57.084,93008.42,93049.4,93020.695,92978.8
2024-11-26T00:55:57.104,93008.23,93049.4,93020.695,92978.8
2024-11-26T00:55:57.124,93009.62,93049.4,93020.695,92978.8
2024-11-26T00:55:57.144,93009.57,93049.4,93020.63,92978.8
2024-11-26T00:55:57.164,93008.71,93049.4,93020.63,92978.8
2024-11-26T00:55:57.185,93008.73,93049.4,93020.62,92978.8
2024-11-26T00:55:57.204,93009.11,93049.4,93020.6,92978.8
2024-11-26T00:55:57.244,93008.164,93049.4,93020.6,92978.8
2024-11-26T00:55:57.264,93011.445,93049.4,93021.336,92978.8
2024-11-26T00:55:57.284,93011.41,93049.4,93021.38,92978.8
2024-11-26T00:55:57.305,93010.96,93049.4,93021.4,92978.8
2024-11-26T00:55:57.344,93010.81,93049.4,93021.4,92978.8
2024-11-26T00:55:57.364,93010.8,93049.4,93021.4,92978.8
2024-11-26T00:55:57.384,93010.97,93049.4,93021.37,92978.8
2024-11-26T00:55:57.444,93010.96,93049.4,93021.37,92978.8
2024-11-26T00:55:57.484,93010.97,93049.4,93021.37,92978.8
2024-11-26T00:55:57.545,93010.97,93049.4,93021.375,92978.8
2024-11-26T00:55:57.564,93010.96,93049.4,93021.375,92978.8
2024-11-26T00:55:57.585,93011.37,93049.4,93021.375,92978.8
2024-11-26T00:55:57.605,93011.43,93049.4,93021.375,92978.8
2024-11-26T00:55:57.625,93011.14,93049.4,93021.375,92978.8
2024-11-26T00:55:57.644,93011.14,93049.4,93021.29,92978.8
2024-11-26T00:55:57.664,93004.47,93049.4,93021.34,92978.8
2024-11-26T00:55:57.684,93005.766,93049.4,93021.3,92978.8
2024-11-26T00:55:57.704,93006.1,93049.4,93021.46,92978.8
2024-11-26T00:55:57.724,93006.15,93049.4,93021.49,92978.8
2024-11-26T00:55:57.744,93006.15,93049.4,93021.414,92978.8
2024-11-26T00:55:57.784,93006.11,93049.4,93021.414,92978.8
2024-11-26T00:55:57.824,93006.11,93049.4,93021.445,92978.8
2024-11-26T00:55:57.864,93007.09,93049.4,93021.44,92978.8
2024-11-26T00:55:57.884,93006.1,93049.4,93021.58,92978.8
2024-11-26T00:55:57.904,93005.99,93049.4,93021.3,92978.8
2024-11-26T00:55:57.924,93005.99,93049.4,93021.57,92978.8
2024-11-26T00:55:57.944,93006.1,93049.4,93021.336,92978.8
2024-11-26T00:55:57.964,93006.13,93049.4,93021.336,92978.8
2024-11-26T00:55:57.984,93006.09,93049.4,93021.336,92978.8
2024-11-26T00:55:58.004,93005.95,93049.4,93021.336,92978.8
2024-11-26T00:55:58.104,93006.18,93049.4,93021.14,92978.8
2024-11-26T00:55:58.124,93006.31,93049.4,93021.03,92978.8
2024-11-26T00:55:58.144,93005.95,93049.4,93021.0,92978.8
2024-11-26T00:55:58.164,93006.3,93049.4,93021.11,92978.8
2024-11-26T00:55:58.184,93005.984,93049.4,93021.43,92978.8
2024-11-26T00:55:58.204,93006.19,93049.4,93021.43,92978.8
2024-11-26T00:55:58.224,93006.19,93049.4,93021.41,92978.8
2024-11-26T00:55:58.244,93006.19,93049.4,93021.42,92978.8
2024-11-26T00:55:58.284,93006.19,93049.4,93021.5,92978.8
2024-11-26T00:55:58.324,93006.29,93049.4,93021.5,92978.8
2024-11-26T00:55:58.344,93006.414,93049.4,93021.5,92978.8
2024-11-26T00:55:58.364,93006.445,93049.4,93021.53,92978.8
2024-11-26T00:55:58.384,93009.79,93049.4,93021.87,92978.8
2024-11-26T00:55:58.404,93008.484,93049.4,93021.4,92978.8
2024-11-26T00:55:58.425,93007.85,93049.4,93021.7,92978.8
2024-11-26T00:55:58.444,93007.65,93049.4,93021.7,92978.8
2024-11-26T00:55:58.464,93007.65,93049.4,93021.7,92978.8
2024-11-26T00:55:58.484,93007.82,93049.4,93021.87,92978.8
2024-11-26T00:55:58.504,93008.82,93049.4,93021.7,92978.8
2024-11-26T00:55:58.525,93008.83,93049.4,93021.71,92978.8
2024-11-26T00:55:58.565,93008.82,93049.4,93021.87,92978.8
2024-11-26T00:55:58.584,93008.89,93049.4,93021.87,92978.8
2024-11-26T00:55:58.604,93009.29,93049.4,93021.71,92978.8
2024-11-26T00:55:58.625,93009.29,93049.4,93021.445,92978.8
2024-11-26T00:55:58.644,93009.29,93049.4,93021.46,92978.8
2024-11-26T00:55:58.684,93009.2,93049.4,93021.46,92978.8
2024-11-26T00:55:58.704,93009.12,93049.4,93021.46,92978.8
2024-11-26T00:55:58.724,93009.12,93049.4,93021.34,92978.8
2024-11-26T00:55:58.744,93009.086,93049.4,93021.34,92978.8
2024-11-26T00:55:58.784,93005.76,93049.4,93021.375,92978.8
2024-11-26T00:55:58.805,93005.766,93049.4,93021.41,92978.8
2024-11-26T00:55:58.824,93005.766,93049.4,93021.41,92978.8
2024-11-26T00:55:58.844,93005.76,93049.4,93021.41,92978.8
2024-11-26T00:55:58.884,93006.25,93049.4,93021.41,92978.8
2024-11-26T00:55:58.924,93006.25,93049.4,93021.41,92978.8
2024-11-26T00:55:58.944,93006.17,93049.4,93021.64,92978.8
2024-11-26T00:55:58.964,93006.02,93049.4,93021.64,92978.8
2024-11-26T00:55:58.984,93006.02,93049.4,93021.6,92978.8
2024-11-26T00:55:59.024,93005.88,93049.4,93021.6,92978.8
2024-11-26T00:55:59.064,93005.88,93049.4,93021.625,92978.8
2024-11-26T00:55:59.104,93005.91,93049.4,93021.79,92978.8
2024-11-26T00:55:59.125,93005.914,93049.4,93021.555,92978.8
2024-11-26T00:55:59.144,93005.914,93049.4,93021.3,92978.8
2024-11-26T00:55:59.164,93005.914,93049.4,93021.3,92978.8
2024-11-26T00:55:59.184,93006.09,93049.4,93021.44,92978.8
2024-11-26T00:55:59.204,93006.09,93049.4,93021.445,92978.8
2024-11-26T00:55:59.244,93005.85,93049.4,93021.445,92978.8
2024-11-26T00:55:59.264,93000.695,93049.4,93016.49,92978.8
2024-11-26T00:55:59.284,93000.88,93049.4,93015.61,92978.8
2024-11-26T00:55:59.304,93001.805,93049.4,93015.69,92978.8
2024-11-26T00:55:59.324,93001.766,93049.4,93015.836,92978.8
2024-11-26T00:55:59.344,93001.7,93049.4,93015.79,92978.8
2024-11-26T00:55:59.364,93000.0,93049.4,93015.46,92978.8
2024-11-26T00:55:59.384,93001.6,93049.4,93015.46,92978.8
2024-11-26T00:55:59.404,93001.875,93049.4,93015.45,92978.8
2024-11-26T00:55:59.424,93002.266,93049.4,93015.52,92978.8
2024-11-26T00:55:59.444,93002.445,93049.4,93015.32,92978.8
2024-11-26T00:55:59.464,93004.03,93049.4,93015.29,92978.8
2024-11-26T00:55:59.484,93004.03,93049.4,93015.32,92978.8
2024-11-26T00:55:59.504,93002.445,93049.4,93015.33,92978.8
2024-11-26T00:55:59.524,93002.33,93049.4,93015.33,92978.8
2024-11-26T00:55:59.544,93002.33,93049.4,93015.48,92978.8
2024-11-26T00:55:59.564,93002.33,93049.4,93015.49,92978.8
2024-11-26T00:55:59.604,93002.59,93049.4,93015.484,92978.8
2024-11-26T00:55:59.624,93002.6,93049.4,93015.5,92978.8
2024-11-26T00:55:59.644,93002.69,93049.4,93015.47,92978.8
2024-11-26T00:55:59.664,93002.69,93049.4,93015.48,92978.8
2024-11-26T00:55:59.684,93002.63,93049.4,93015.48,92978.8
2024-11-26T00:55:59.724,93002.26,93049.4,93015.19,92978.8
2024-11-26T00:55:59.744,93004.2,93049.4,93015.195,92978.8
2024-11-26T00:55:59.764,93004.27,93049.4,93015.055,92978.8
2024-11-26T00:55:59.784,93002.98,93049.4,93014.766,92978.8
2024-11-26T00:55:59.804,93010.414,93049.4,93017.52,92978.8
2024-11-26T00:55:59.824,93008.1,93049.4,93018.74,92978.8
2024-11-26T00:55:59.844,93008.3,93049.4,93018.73,92978.8
2024-11-26T00:55:59.864,93007.47,93049.4,93018.87,92978.8
2024-11-26T00:55:59.884,93006.42,93049.4,93018.68,92978.8
2024-11-26T00:55:59.904,93006.5,93049.4,93018.35,92978.8
2024-11-26T00:55:59.924,93006.445,93049.4,93018.17,92978.8
2024-11-26T00:55:59.944,93006.734,93049.4,93018.0,92978.8
2024-11-26T00:55:59.965,93005.945,93049.4,93017.93,92978.8
2024-11-26T00:56:00.024,93005.58,93049.4,93017.93,92978.8
2024-11-26T00:56:00.045,93005.59,93049.4,93017.93,92978.8
2024-11-26T00:56:00.064,93004.81,93049.4,93018.03,92978.8
2024-11-26T00:56:00.084,93004.875,93049.4,93017.98,92978.8
2024-11-26T00:56:00.104,93005.9,93049.4,93018.125,92978.8
2024-11-26T00:56:00.125,93005.89,93049.4,93018.09,92978.8
2024-11-26T00:56:00.144,93005.89,93049.4,93017.48,92978.8
2024-11-26T00:56:00.164,93005.89,93049.4,93017.68,92978.8
2024-11-26T00:56:00.184,93006.78,93049.4,93017.9,92978.8
2024-11-26T00:56:00.204,93005.88,93049.4,93018.5,92978.8
2024-11-26T00:56:00.224,93005.88,93049.4,93017.77,92978.8
2024-11-26T00:56:00.245,93005.84,93049.4,93017.77,92978.8
2024-11-26T00:56:00.264,93005.88,93049.4,93017.65,92978.8
2024-11-26T00:56:00.284,93005.836,93049.4,93018.01,92978.8
2024-11-26T00:56:00.324,93005.836,93049.4,93018.15,92978.8
2024-11-26T00:56:00.385,93005.836,93049.4,93018.02,92978.8
2024-11-26T00:56:00.405,93005.85,93049.4,93018.05,92978.8
2024-11-26T00:56:00.424,93005.81,93049.4,93018.05,92978.8
2024-11-26T00:56:00.445,93005.83,93049.4,93018.05,92978.8
2024-11-26T00:56:00.464,93005.82,93049.4,93018.05,92978.8
2024-11-26T00:56:00.484,93005.82,93049.4,93019.12,92978.8
2024-11-26T00:56:00.504,93007.22,93049.4,93018.4,92978.8
2024-11-26T00:56:00.524,93008.26,93049.4,93016.836,92978.8
2024-11-26T00:56:00.544,93007.984,93049.4,93016.72,92978.8
2024-11-26T00:56:00.565,93005.28,93049.4,93017.07,92978.8
2024-11-26T00:56:00.584,93005.664,93049.4,93017.07,92978.8
2024-11-26T00:56:00.604,93006.91,93049.4,93017.68,92978.8
2024-11-26T00:56:00.624,93006.65,93049.4,93017.71,92978.8
2024-11-26T00:56:00.644,93006.24,93049.4,93017.71,92978.8
2024-11-26T00:56:00.664,93006.23,93049.4,93017.71,92978.8
2024-11-26T00:56:00.684,93005.164,93049.4,93017.71,92978.8
2024-11-26T00:56:00.705,93005.2,93049.4,93017.64,92978.8
2024-11-26T00:56:00.725,93005.2,93049.4,93017.586,92978.8
2024-11-26T00:56:00.784,93005.164,93049.4,93017.6,92978.8
2024-11-26T00:56:00.805,93004.91,93049.4,93017.336,92978.8
2024-11-26T00:56:00.824,93004.91,93049.4,93017.75,92978.8
2024-11-26T00:56:00.845,93005.5,93049.4,93017.75,92978.8
2024-11-26T00:56:00.904,93006.2,93049.4,93017.75,92978.8
2024-11-26T00:56:00.964,93006.2,93049.4,93017.81,92978.8
2024-11-26T00:56:01.005,93005.8,93049.4,93017.81,92978.8
2024-11-26T00:56:01.024,93005.7,93049.4,93017.82,92978.8
2024-11-26T00:56:01.104,93005.45,93049.4,93017.59,92978.8
2024-11-26T00:56:01.125,93005.45,93049.4,93017.57,92978.8
2024-11-26T00:56:01.145,93005.46,93049.4,93017.57,92978.8
2024-11-26T00:56:01.165,93003.984,93049.4,93017.57,92978.8
2024-11-26T00:56:01.184,93003.84,93049.4,93017.56,92978.8
2024-11-26T00:56:01.204,93003.84,93049.4,93017.56,92978.8
2024-11-26T00:56:01.244,93003.84,93049.4,93017.57,92978.8
2024-11-26T00:56:01.264,93003.84,93049.4,93017.8,92978.8
2024-11-26T00:56:01.304,93005.68,93049.4,93017.8,92978.8
2024-11-26T00:56:01.325,93004.77,93049.4,93017.83,92978.8
2024-11-26T00:56:01.344,93004.77,93049.4,93017.83,92978.8
2024-11-26T00:56:01.364,93004.83,93049.4,93017.83,92978.8
2024-11-26T00:56:01.384,93004.83,93049.4,93017.836,92978.8
2024-11-26T00:56:01.445,93004.83,93049.4,93017.89,92978.8
2024-11-26T00:56:01.464,93004.875,93049.4,93017.89,92978.8
2024-11-26T00:56:01.484,93004.875,93049.4,93017.79,92978.8
2024-11-26T00:56:01.525,93004.875,93049.4,93017.79,92978.8
2024-11-26T00:56:01.544,93004.875,93049.4,93017.8,92978.8
2024-11-26T00:56:01.564,93004.99,93049.4,93017.8,92978.8
2024-11-26T00:56:01.584,93004.99,93049.4,93017.95,92978.8
2024-11-26T00:56:01.604,93004.99,93049.4,93017.96,92978.8
2024-11-26T00:56:01.664,93002.12,93049.4,93018.05,92978.8
2024-11-26T00:56:01.684,93002.71,93049.4,93018.16,92978.8
2024-11-26T00:56:01.704,92999.516,93049.4,93013.664,92978.8
2024-11-26T00:56:01.724,92999.086,93049.4,93013.32,92978.8
2024-11-26T00:56:01.744,92999.37,93049.4,93014.016,92978.8
2024-11-26T00:56:01.764,92999.37,93049.4,93015.03,92978.8
2024-11-26T00:56:01.784,92998.82,93049.4,93014.1,92978.8
2024-11-26T00:56:01.804,92997.32,93049.4,93010.016,92978.8
2024-11-26T00:56:01.824,92994.87,93049.4,93012.43,92978.8
2024-11-26T00:56:01.844,92992.47,93049.4,93008.02,92978.8
2024-11-26T00:56:01.864,92989.51,93049.4,93003.13,92978.8
2024-11-26T00:56:01.884,92990.055,93049.4,93004.82,92978.8
2024-11-26T00:56:01.904,92990.32,93049.4,93004.836,92978.8
2024-11-26T00:56:01.924,92990.56,93049.4,93004.914,92978.8
2024-11-26T00:56:01.944,92990.67,93049.4,93004.875,92978.8
2024-11-26T00:56:01.964,92990.484,93049.4,93004.87,92978.8
2024-11-26T00:56:01.984,92990.62,93049.4,93004.805,92978.8
2024-11-26T00:56:02.004,92990.62,93049.4,93004.77,92978.8
2024-11-26T00:56:02.024,92990.62,93049.4,93004.695,92978.8
2024-11-26T00:56:02.044,92990.6,93049.4,93004.77,92978.8
2024-11-26T00:56:02.064,92990.8,93049.4,93004.586,92978.8
2024-11-26T00:56:02.084,92989.36,93049.4,93002.79,92978.8
2024-11-26T00:56:02.104,92989.37,93049.4,93000.9,92978.8
2024-11-26T00:56:02.124,92989.36,93049.4,93001.01,92978.8
2024-11-26T00:56:02.144,92989.39,93049.4,92999.18,92978.8
2024-11-26T00:56:02.164,92989.39,93049.4,92999.2,92978.8
2024-11-26T00:56:02.184,92989.625,93049.4,92999.02,92978.8
2024-11-26T00:56:02.204,92989.52,93049.4,92998.9,92978.8
2024-11-26T00:56:02.224,92989.53,93049.4,92999.18,92978.8
2024-11-26T00:56:02.244,92989.53,93049.4,92998.88,92978.8
2024-11-26T00:56:02.264,92989.55,93049.4,92998.82,92978.8
2024-11-26T00:56:02.284,92989.55,93049.4,92998.82,92978.8
2024-11-26T00:56:02.304,92990.46,93049.4,93000.47,92978.8
2024-11-26T00:56:02.325,92990.43,93049.4,93001.68,92978.8
2024-11-26T00:56:02.344,92990.27,93049.4,93001.3,92978.8
2024-11-26T00:56:02.364,92990.266,93049.4,93001.68,92978.8
2024-11-26T00:56:02.385,92990.266,93049.4,93002.164,92978.8
2024-11-26T00:56:02.404,92990.305,93049.4,92999.52,92978.8
2024-11-26T00:56:02.424,92988.086,93049.4,92998.984,92978.4
2024-11-26T00:56:02.444,92988.11,93049.4,92999.42,92978.4
2024-11-26T00:56:02.464,92988.11,93049.4,92999.41,92978.4
2024-11-26T00:56:02.504,92988.18,93049.4,92999.55,92978.4
2024-11-26T00:56:02.525,92988.25,93049.4,92999.78,92978.4
2024-11-26T00:56:02.544,92988.25,93049.4,92999.8,92978.4
2024-11-26T00:56:02.564,92988.25,93049.4,92999.19,92978.4
2024-11-26T00:56:02.584,92988.19,93049.4,92999.06,92978.4
2024-11-26T00:56:02.624,92988.19,93049.4,92999.086,92978.4
2024-11-26T00:56:02.645,92988.19,93049.4,92999.09,92978.4
2024-11-26T00:56:02.684,92988.22,93049.4,92999.09,92978.4
2024-11-26T00:56:02.704,92988.23,93049.4,92999.58,92978.4
2024-11-26T00:56:02.725,92988.5,93049.4,92999.96,92978.4
2024-11-26T00:56:02.744,92988.555,93049.4,92999.96,92978.4
2024-11-26T00:56:02.764,92987.3,93049.4,93003.195,92978.4
2024-11-26T00:56:02.784,92988.55,93049.4,92998.56,92978.4
2024-11-26T00:56:02.804,92989.586,93049.4,92998.56,92978.4
2024-11-26T00:56:02.824,92989.65,93049.4,92998.06,92978.4
2024-11-26T00:56:02.865,92989.63,93049.4,92998.06,92978.4
2024-11-26T00:56:02.884,92990.336,93049.4,92998.125,92978.4
2024-11-26T00:56:02.904,92989.87,93049.4,92997.516,92978.4
2024-11-26T00:56:02.924,92989.51,93049.4,92999.19,92978.4
2024-11-26T00:56:02.944,92989.65,93049.4,92999.18,92978.4
2024-11-26T00:56:02.964,92989.65,93049.4,92999.18,92978.4
2024-11-26T00:56:02.984,92989.55,93049.4,92999.016,92978.4
2024-11-26T00:56:03.004,92989.58,93049.4,92999.016,92978.4
2024-11-26T00:56:03.024,92989.58,93049.4,92997.3,92978.4
2024-11-26T00:56:03.044,92989.57,93049.4,92997.3,92978.4
2024-11-26T00:56:03.064,92990.195,93049.4,92997.3,92978.4
2024-11-26T00:56:03.084,92990.3,93049.4,92997.3,92978.4
2024-11-26T00:56:03.104,92990.34,93049.4,92997.3,92978.4
2024-11-26T00:56:03.124,92989.69,93049.4,92997.36,92978.4
2024-11-26T00:56:03.144,92989.58,93049.4,92997.36,92978.4
2024-11-26T00:56:03.164,92990.19,93049.4,92997.35,92978.4
2024-11-26T00:56:03.185,92990.34,93049.4,92997.15,92978.4
2024-11-26T00:56:03.205,92990.38,93049.4,92997.23,92978.4
2024-11-26T00:56:03.265,92990.38,93049.4,92997.16,92978.4
2024-11-26T00:56:03.284,92990.32,93049.4,92997.16,92978.4
2024-11-26T00:56:03.304,92989.69,93049.4,92997.16,92978.4
2024-11-26T00:56:03.324,92989.62,93049.4,92997.16,92978.4
2024-11-26T00:56:03.384,92989.57,93049.4,93002.445,92978.4
2024-11-26T00:56:03.404,92989.33,93049.4,93002.336,92978.4
2024-11-26T00:56:03.425,92989.44,93049.4,93002.69,92978.4
2024-11-26T00:56:03.444,92989.61,93049.4,93002.33,92978.4
2024-11-26T00:56:03.465,92989.57,93049.4,93002.734,92978.4
2024-11-26T00:56:03.485,92989.805,93049.4,93002.734,92978.4
2024-11-26T00:56:03.504,92990.266,93049.4,93002.74,92978.4
2024-11-26T00:56:03.525,92990.29,93049.4,93002.74,92978.4
2024-11-26T00:56:03.564,92990.27,93049.4,93002.74,92978.4
2024-11-26T00:56:03.585,92990.27,93049.4,93002.766,92978.4
2024-11-26T00:56:03.644,92990.28,93049.4,93002.766,92978.4
2024-11-26T00:56:03.684,92989.76,93049.4,93001.83,92978.4
2024-11-26T00:56:03.704,92990.03,93049.4,93001.336,92978.4
2024-11-26T00:56:03.724,92989.3,93049.4,93001.44,92978.4
2024-11-26T00:56:03.744,92989.4,93049.4,93001.58,92978.4
2024-11-26T00:56:03.764,92989.4,93049.4,93001.59,92978.4
2024-11-26T00:56:03.784,92989.984,93049.4,92999.85,92978.4
2024-11-26T00:56:03.804,92989.88,93049.4,93000.305,92978.4
2024-11-26T00:56:03.824,92989.695,93049.4,93000.25,92978.4
2024-11-26T00:56:03.844,92989.88,93049.4,93000.26,92978.4
2024-11-26T00:56:03.864,92990.914,93049.4,92997.99,92978.4
2024-11-26T00:56:03.885,92990.34,93049.4,92998.266,92978.4
2024-11-26T00:56:03.904,92990.24,93049.4,92998.16,92978.4
2024-11-26T00:56:03.924,92989.984,93049.4,92997.77,92978.4
2024-11-26T00:56:03.944,92990.04,93049.4,92998.21,92978.4
2024-11-26T00:56:03.964,92988.875,93049.4,92998.17,92978.4
2024-11-26T00:56:03.984,92989.16,93049.4,92998.19,92978.4
2024-11-26T00:56:04.004,92989.16,93049.4,92998.19,92978.4
2024-11-26T00:56:04.024,92989.16,93049.4,92997.836,92978.4
2024-11-26T00:56:04.045,92989.17,93049.4,92997.836,92978.4
2024-11-26T00:56:04.065,92989.17,93049.4,92997.86,92978.4
2024-11-26T00:56:04.104,92989.17,93049.4,92997.836,92978.4
2024-11-26T00:56:04.144,92989.164,93049.4,92997.836,92978.4
2024-11-26T00:56:04.165,92989.164,93049.4,92998.24,92978.4
2024-11-26T00:56:04.224,92989.23,93049.4,92998.25,92978.4
2024-11-26T00:56:04.245,92989.22,93049.4,92998.26,92978.4
2024-11-26T00:56:04.265,92989.63,93049.4,92998.26,92978.4
2024-11-26T00:56:04.284,92989.63,93049.4,92998.195,92978.4
2024-11-26T00:56:04.304,92989.63,93049.4,92998.336,92978.4
2024-11-26T00:56:04.364,92990.24,93049.4,92998.42,92978.4
2024-11-26T00:56:04.384,92989.52,93049.4,92998.47,92978.4
2024-11-26T00:56:04.404,92989.82,93049.4,92998.44,92978.4
2024-11-26T00:56:04.424,92989.836,93049.4,92998.44,92978.4
2024-11-26T00:56:04.444,92989.83,93049.4,92998.445,92978.4
2024-11-26T00:56:04.464,92989.836,93049.4,92998.445,92978.4
2024-11-26T00:56:04.484,92989.836,93049.4,92998.234,92978.4
2024-11-26T00:56:04.504,92989.836,93049.4,92998.31,92978.4
2024-11-26T00:56:04.525,92989.84,93049.4,92998.31,92978.4
2024-11-26T00:56:04.544,92989.66,93049.4,92998.305,92978.4
2024-11-26T00:56:04.564,92989.59,93049.4,92998.3,92978.4
2024-11-26T00:56:04.584,92989.664,93049.4,92998.305,92978.4
2024-11-26T00:56:04.604,92989.66,93049.4,92998.25,92978.4
2024-11-26T00:56:04.664,92989.66,93049.4,92998.48,92978.4
2024-11-26T00:56:04.684,92989.66,93049.4,92998.48,92978.4
2024-11-26T00:56:04.764,92990.375,93049.4,93007.33,92978.4
2024-11-26T00:56:04.784,92996.17,93049.4,93007.586,92978.4
2024-11-26T00:56:04.805,92996.625,93049.4,93006.99,92978.4
2024-11-26T00:56:04.824,92998.42,93049.4,93008.125,92978.4
2024-11-26T00:56:04.844,92994.72,93049.4,93008.414,92978.4
2024-11-26T00:56:04.864,92995.48,93049.4,93008.51,92978.4
2024-11-26T00:56:04.884,92994.99,93049.4,93008.695,92978.4
2024-11-26T00:56:04.904,92997.69,93049.4,93009.21,92978.4
2024-11-26T00:56:04.924,92999.16,93049.4,93010.23,92978.4
2024-11-26T00:56:04.944,92998.664,93049.4,93011.67,92978.4
2024-11-26T00:56:04.964,92998.98,93049.4,93011.945,92978.4
2024-11-26T00:56:04.984,93000.45,93049.4,93014.92,92978.4
2024-11-26T00:56:05.005,93002.75,93049.4,93017.88,92978.4
2024-11-26T00:56:05.024,93007.39,93049.4,93018.57,92978.4
2024-11-26T00:56:05.044,93001.516,93049.4,93019.07,92978.4
2024-11-26T00:56:05.064,93003.25,93049.4,93019.55,92978.4
2024-11-26T00:56:05.084,93006.45,93049.4,93019.65,92978.4
2024-11-26T00:56:05.104,93005.43,93049.4,93019.99,92978.4
2024-11-26T00:56:05.124,93003.305,93049.4,93020.47,92978.4
2024-11-26T00:56:05.144,93007.92,93049.4,93021.0,92978.4
2024-11-26T00:56:05.164,93007.73,93049.4,93023.67,92978.4
2024-11-26T00:56:05.184,93007.57,93049.4,93024.32,92978.4
2024-11-26T00:56:05.204,93006.945,93049.4,93024.5,92978.4
2024-11-26T00:56:05.224,93006.984,93049.4,93024.29,92978.4
2024-11-26T00:56:05.244,93006.99,93049.4,93024.52,92978.4
2024-11-26T00:56:05.264,93009.64,93049.4,93027.86,92978.4
2024-11-26T00:56:05.284,93009.625,93049.4,93028.71,92978.4
2024-11-26T00:56:05.304,93009.33,93049.4,93029.01,92978.4
2024-11-26T00:56:05.324,93008.84,93049.4,93030.32,92978.4
2024-11-26T00:56:05.344,93008.914,93049.4,93030.34,92978.4
2024-11-26T00:56:05.364,93013.74,93049.4,93031.39,92978.4
2024-11-26T00:56:05.384,93014.266,93049.4,93031.555,92978.4
2024-11-26T00:56:05.404,93012.8,93049.4,93031.945,92978.4
2024-11-26T00:56:05.424,93012.07,93049.4,93032.17,92978.4
2024-11-26T00:56:05.444,93016.01,93049.4,93032.13,92978.4
2024-11-26T00:56:05.464,93016.71,93049.4,93032.22,92978.4
2024-11-26T00:56:05.484,93016.99,93049.4,93032.02,92978.4
2024-11-26T00:56:05.504,93017.04,93049.4,93032.01,92978.4
2024-11-26T00:56:05.524,93017.32,93049.4,93032.195,92978.4
2024-11-26T00:56:05.544,93017.31,93049.4,93032.305,92978.4
2024-11-26T00:56:05.564,93017.31,93049.4,93032.336,92978.4
2024-11-26T00:56:05.584,93017.38,93049.4,93032.35,92978.4
2024-11-26T00:56:05.604,93017.375,93049.4,93032.35,92978.4
2024-11-26T00:56:05.624,93017.375,93049.4,93032.36,92978.4
2024-11-26T00:56:05.644,93017.25,93049.4,93032.35,92978.4
2024-11-26T00:56:05.664,93017.24,93049.4,93032.37,92978.4
2024-11-26T00:56:05.684,93017.27,93049.4,93032.41,92978.4
2024-11-26T00:56:05.704,93017.23,93049.4,93032.41,92978.4
2024-11-26T00:56:05.724,93017.23,93049.4,93032.45,92978.4
2024-11-26T00:56:05.744,93017.23,93049.4,93032.49,92978.4
2024-11-26T00:56:05.804,93017.81,93049.4,93032.49,92978.4
2024-11-26T00:56:05.824,93017.98,93049.4,93032.49,92978.4
2024-11-26T00:56:05.844,93017.98,93049.4,93032.484,92978.4
2024-11-26T00:56:05.884,93017.98,93049.4,93032.484,92978.4
2024-11-26T00:56:05.904,93017.69,93049.4,93034.06,92978.4
2024-11-26T00:56:05.924,93019.516,93049.4,93034.02,92978.4
2024-11-26T00:56:05.944,93023.16,93049.4,93034.13,92978.4
2024-11-26T00:56:05.964,93022.17,93049.4,93034.03,92978.4
2024-11-26T00:56:05.984,93022.984,93049.4,93034.0,92978.4
2024-11-26T00:56:06.004,93021.805,93049.4,93034.15,92978.4
2024-11-26T00:56:06.024,93021.06,93049.4,93034.3,92978.4
2024-11-26T00:56:06.044,93021.234,93049.4,93034.36,92978.4
2024-11-26T00:56:06.064,93023.1,93049.4,93035.06,92978.4
2024-11-26T00:56:06.084,93023.766,93049.4,93035.22,92978.4
2024-11-26T00:56:06.104,93022.63,93049.4,93036.77,92978.4
2024-11-26T00:56:06.124,93024.66,93049.4,93036.57,92978.4
2024-11-26T00:56:06.144,93024.805,93049.4,93037.15,92978.4
2024-11-26T00:56:06.164,93023.24,93049.4,93037.34,92978.4
2024-11-26T00:56:06.184,93022.75,93049.4,93037.305,92978.4
2024-11-26T00:56:06.204,93023.164,93049.4,93037.34,92978.4
2024-11-26T00:56:06.224,93023.766,93049.4,93037.51,92978.4
2024-11-26T00:56:06.244,93029.23,93049.8,93036.836,92978.4
2024-11-26T00:56:06.265,93029.14,93052.8,93036.63,92978.4
2024-11-26T00:56:06.284,93030.34,93055.0,93037.98,92978.4
2024-11-26T00:56:06.304,93029.27,93055.5,93038.6,92978.4
2024-11-26T00:56:06.324,93028.83,93055.5,93038.625,92978.4
2024-11-26T00:56:06.344,93029.85,93056.0,93038.695,92978.4
2024-11-26T00:56:06.364,93030.22,93056.1,93038.56,92978.4
2024-11-26T00:56:06.384,93030.24,93056.3,93038.61,92978.4
2024-11-26T00:56:06.404,93029.51,93056.3,93038.68,92978.4
2024-11-26T00:56:06.424,93029.64,93056.3,93038.78,92978.4
2024-11-26T00:56:06.444,93030.58,93056.3,93038.875,92978.4
2024-11-26T00:56:06.464,93030.65,93056.3,93038.98,92978.4
2024-11-26T00:56:06.484,93030.65,93056.3,93039.08,92978.4
2024-11-26T00:56:06.504,93030.7,93056.3,93039.54,92978.4
2024-11-26T00:56:06.524,93030.7,93056.3,93039.63,92978.4
2024-11-26T00:56:06.544,93030.51,93056.3,93040.47,92978.4
2024-11-26T00:56:06.564,93030.27,93056.3,93040.61,92978.4
2024-11-26T00:56:06.584,93030.164,93056.3,93039.37,92978.4
2024-11-26T00:56:06.604,93028.95,93056.3,93039.8,92978.4
2024-11-26T00:56:06.624,93027.16,93056.3,93037.92,92978.4
2024-11-26T00:56:06.645,93028.875,93056.3,93038.305,92978.4
2024-11-26T00:56:06.664,93029.4,93056.3,93037.74,92978.4
2024-11-26T00:56:06.684,93029.4,93056.3,93037.75,92978.4
2024-11-26T00:56:06.704,93029.586,93056.3,93038.0,92978.4
2024-11-26T00:56:06.724,93029.91,93056.3,93038.21,92978.4
2024-11-26T00:56:06.744,93016.03,93056.3,93033.09,92978.4
2024-11-26T00:56:06.764,93017.09,93056.3,93030.47,92978.4
2024-11-26T00:56:06.784,93015.95,93056.3,93030.85,92978.4
2024-11-26T00:56:06.804,93014.62,93056.3,93030.2,92978.4
2024-11-26T00:56:06.824,93009.63,93056.3,93030.24,92978.4
2024-11-26T00:56:06.844,93010.19,93056.3,93028.56,92978.4
2024-11-26T00:56:06.864,93011.08,93056.3,93029.02,92978.4
2024-11-26T00:56:06.884,93005.56,93056.3,93027.91,92978.4
2024-11-26T00:56:06.904,93005.3,93056.3,93024.75,92978.4
2024-11-26T00:56:06.924,93001.2,93056.3,93022.125,92978.4
2024-11-26T00:56:06.944,93000.62,93056.3,93021.53,92978.4
2024-11-26T00:56:06.964,93000.43,93056.3,93019.36,92978.4
2024-11-26T00:56:06.984,92998.734,93056.3,93019.6,92978.4
2024-11-26T00:56:07.004,92999.04,93056.3,93020.07,92978.4
2024-11-26T00:56:07.024,92999.336,93056.3,93019.0,92978.4
2024-11-26T00:56:07.044,92999.305,93056.3,93018.95,92978.4
2024-11-26T00:56:07.064,92999.27,93056.3,93019.0,92978.4
2024-11-26T00:56:07.084,92996.11,93056.3,93017.516,92978.4
2024-11-26T00:56:07.104,92996.73,93056.3,93017.73,92978.4
2024-11-26T00:56:07.124,92996.42,93056.3,93017.99,92978.4
2024-11-26T00:56:07.144,92997.92,93056.3,93016.57,92978.4
2024-11-26T00:56:07.164,92996.32,93056.3,93016.45,92978.4
2024-11-26T00:56:07.184,92995.56,93056.3,93015.98,92978.4
2024-11-26T00:56:07.204,92995.266,93056.3,93016.67,92978.4
2024-11-26T00:56:07.224,92995.4,93056.3,93016.27,92978.4
2024-11-26T00:56:07.244,92994.01,93056.3,93017.42,92978.4
2024-11-26T00:56:07.264,92996.555,93056.3,93014.95,92978.4
2024-11-26T00:56:07.284,92997.1,93056.3,93014.56,92978.4
2024-11-26T00:56:07.304,92996.98,93056.3,93014.586,92978.4
2024-11-26T00:56:07.324,92997.2,93056.3,93014.586,92978.4
2024-11-26T00:56:07.344,92996.33,93056.3,93014.98,92978.4
2024-11-26T00:56:07.364,93000.76,93056.3,93015.07,92978.4
2024-11-26T00:56:07.384,93000.48,93056.3,93015.59,92978.4
2024-11-26T00:56:07.404,93001.67,93056.3,93016.64,92978.4
2024-11-26T00:56:07.424,93001.66,93056.3,93015.44,92978.4
2024-11-26T00:56:07.444,93000.805,93056.3,93015.44,92978.4
2024-11-26T00:56:07.464,93000.375,93056.3,93016.26,92978.4
2024-11-26T00:56:07.484,93005.16,93056.3,93018.66,92978.4
2024-11-26T00:56:07.504,93004.16,93056.3,93019.82,92978.4
2024-11-26T00:56:07.524,93002.945,93056.3,93020.46,92978.4
2024-11-26T00:56:07.544,93001.47,93056.3,93020.47,92978.4
2024-11-26T00:56:07.564,93006.39,93056.3,93020.37,92978.4
2024-11-26T00:56:07.584,93009.42,93056.3,93020.38,92978.4
2024-11-26T00:56:07.604,93009.4,93056.3,93021.22,92978.4
2024-11-26T00:56:07.624,93009.086,93056.3,93027.25,92978.4
2024-11-26T00:56:07.644,93009.055,93056.3,93027.414,92978.4
2024-11-26T00:56:07.664,93009.2,93056.3,93027.43,92978.4
2024-11-26T00:56:07.684,93012.62,93056.3,93028.32,92978.4
2024-11-26T00:56:07.704,93012.41,93056.3,93028.61,92978.4
2024-11-26T00:56:07.724,93011.81,93056.3,93028.734,92978.4
2024-11-26T00:56:07.745,93011.67,93056.3,93028.805,92978.4
2024-11-26T00:56:07.764,93011.38,93056.3,93028.88,92978.4
2024-11-26T00:56:07.784,93011.66,93056.3,93028.98,92978.4
2024-11-26T00:56:07.804,93011.66,93056.3,93029.04,92978.4
2024-11-26T00:56:07.825,93011.63,93056.3,93029.04,92978.4
2024-11-26T00:56:07.844,93012.02,93056.3,93029.06,92978.4
2024-11-26T00:56:07.864,93012.055,93056.3,93029.04,92978.4
2024-11-26T00:56:07.885,93011.63,93056.3,93029.03,92978.4
2024-11-26T00:56:07.905,93011.64,93056.3,93029.02,92978.4
2024-11-26T00:56:07.924,93011.64,93056.3,93029.125,92978.4
2024-11-26T00:56:07.944,93011.65,93056.3,93029.125,92978.4
2024-11-26T00:56:07.964,93011.5,93056.3,93029.125,92978.4
2024-11-26T00:56:07.984,93011.51,93056.3,93029.125,92978.4
2024-11-26T00:56:08.004,93011.41,93056.3,93029.13,92978.4
2024-11-26T00:56:08.024,93011.3,93056.3,93029.13,92978.4
2024-11-26T00:56:08.045,93011.26,93056.3,93029.13,92978.4
2024-11-26T00:56:08.144,93011.22,93056.3,93029.13,92978.4
2024-11-26T00:56:08.164,93011.22,93056.3,93028.88,92978.4
2024-11-26T00:56:08.204,93011.234,93056.3,93028.88,92978.4
2024-11-26T00:56:08.224,93011.25,93056.3,93028.88,92978.4
2024-11-26T00:56:08.245,93011.29,93056.3,93028.89,92978.4
2024-11-26T00:56:08.264,93011.37,93056.3,93029.15,92978.4
2024-11-26T00:56:08.284,93011.664,93056.3,93029.89,92978.4
2024-11-26T00:56:08.304,93011.67,93056.3,93029.695,92978.4
2024-11-26T00:56:08.324,93011.76,93056.3,93029.68,92978.4
2024-11-26T00:56:08.344,93011.41,93056.3,93029.68,92978.4
2024-11-26T00:56:08.364,93012.85,93056.3,93029.69,92978.4
2024-11-26T00:56:08.384,93012.89,93056.3,93029.68,92978.4
2024-11-26T00:56:08.404,93012.89,93056.3,93029.68,92978.4
2024-11-26T00:56:08.424,93012.89,93056.3,93029.7,92978.4
2024-11-26T00:56:08.444,93012.86,93056.3,93029.7,92978.4
2024-11-26T00:56:08.464,93012.87,93056.3,93029.7,92978.4
2024-11-26T00:56:08.504,93012.88,93056.3,93029.7,92978.4
2024-11-26T00:56:08.524,93012.9,93056.3,93029.7,92978.4
2024-11-26T00:56:08.544,93012.91,93056.3,93029.7,92978.4
2024-11-26T00:56:08.564,93012.914,93056.3,93029.7,92978.4
2024-11-26T00:56:08.584,93012.88,93056.3,93029.7,92978.4
2024-11-26T00:56:08.644,93012.88,93056.3,93029.84,92978.4
2024-11-26T00:56:08.664,93012.89,93056.3,93029.84,92978.4
2024-11-26T00:56:08.684,93011.83,93056.3,93029.85,92978.4
2024-11-26T00:56:08.704,93011.836,93056.3,93029.84,92978.4
2024-11-26T00:56:08.724,93011.81,93056.3,93029.84,92978.4
2024-11-26T00:56:08.744,93011.81,93056.3,93029.9,92978.4
2024-11-26T00:56:08.804,93012.22,93056.3,93029.9,92978.4
2024-11-26T00:56:08.824,93012.22,93056.3,93029.58,92978.4
2024-11-26T00:56:08.864,93012.19,93056.3,93029.58,92978.4
2024-11-26T00:56:08.884,93012.88,93056.3,93029.58,92978.4
2024-11-26T00:56:08.904,93012.88,93056.3,93029.58,92978.4
2024-11-26T00:56:08.924,93012.88,93056.3,93029.76,92978.4
2024-11-26T00:56:08.944,93012.9,93056.3,93029.76,92978.4
2024-11-26T00:56:08.964,93012.88,93056.3,93029.76,92978.4
2024-11-26T00:56:09.004,93012.88,93056.3,93029.9,92978.4
2024-11-26T00:56:09.024,93012.88,93056.3,93029.71,92978.4
2024-11-26T00:56:09.044,93012.89,93056.3,93029.68,92978.4
2024-11-26T00:56:09.064,93012.87,93056.3,93029.67,92978.4
2024-11-26T00:56:09.084,93012.87,93056.3,93029.79,92978.4
2024-11-26T00:56:09.104,93012.84,93056.3,93029.79,92978.4
2024-11-26T00:56:09.124,93012.84,93056.3,93029.81,92978.4
2024-11-26T00:56:09.144,93012.84,93056.3,93029.81,92978.4
2024-11-26T00:56:09.164,93012.85,93056.3,93029.81,92978.4
2024-11-26T00:56:09.224,93012.836,93056.3,93029.81,92978.4
2024-11-26T00:56:09.264,93012.836,93056.3,93029.82,92978.4
2024-11-26T00:56:09.284,93012.836,93056.3,93029.8,92978.4
2024-11-26T00:56:09.324,93012.836,93056.3,93029.82,92978.4
2024-11-26T00:56:09.384,93012.836,93056.3,93029.82,92978.4
2024-11-26T00:56:09.404,93012.84,93056.3,93029.82,92978.4
2024-11-26T00:56:09.464,93012.84,93056.3,93029.83,92978.4
2024-11-26T00:56:09.484,93012.84,93056.3,93029.83,92978.4
2024-11-26T00:56:09.504,93012.86,93056.3,93029.8,92978.4
2024-11-26T00:56:09.524,93012.86,93056.3,93029.8,92978.4
2024-11-26T00:56:09.584,93012.95,93056.3,93029.8,92978.4
2024-11-26T00:56:09.604,93012.66,93056.3,93030.55,92978.4
2024-11-26T00:56:09.624,93012.66,93056.3,93030.51,92978.4
2024-11-26T00:56:09.644,93012.6,93056.3,93030.51,92978.4
2024-11-26T00:56:09.664,93012.62,93056.3,93030.51,92978.4
2024-11-26T00:56:09.684,93012.61,93056.3,93030.55,92978.4
2024-11-26T00:56:09.724,93012.61,93056.3,93030.54,92978.4
2024-11-26T00:56:09.764,93012.61,93056.3,93030.555,92978.4
2024-11-26T00:56:09.804,93012.62,93056.3,93030.555,92978.4
2024-11-26T00:56:09.884,93012.61,93056.3,93030.555,92978.4
2024-11-26T00:56:09.944,93012.61,93056.3,93030.72,92978.4
2024-11-26T00:56:09.964,93012.586,93056.3,93030.72,92978.4
2024-11-26T00:56:09.984,93012.59,93056.3,93030.74,92978.4
2024-11-26T00:56:10.044,93012.59,93056.3,93030.74,92978.4
2024-11-26T00:56:10.064,93012.59,93056.3,93030.74,92978.4
2024-11-26T00:56:10.144,93012.62,93056.3,93030.75,92978.4
2024-11-26T00:56:10.165,93012.65,93056.3,93030.75,92978.4
2024-11-26T00:56:10.244,93012.66,93056.3,93030.75,92978.4
2024-11-26T00:56:10.264,93012.97,93056.3,93030.875,92978.4
2024-11-26T00:56:10.284,93019.73,93056.3,93034.305,92978.4
2024-11-26T00:56:10.304,93021.56,93056.3,93033.805,92978.4
2024-11-26T00:56:10.324,93020.14,93056.3,93033.98,92978.4
2024-11-26T00:56:10.344,93021.984,93056.3,93035.68,92978.4
2024-11-26T00:56:10.364,93024.08,93056.3,93035.06,92978.4
2024-11-26T00:56:10.384,93025.72,93056.3,93037.17,92978.4
2024-11-26T00:56:10.404,93025.86,93056.3,93036.66,92978.4
2024-11-26T00:56:10.424,93027.05,93056.3,93036.75,92978.4
2024-11-26T00:56:10.444,93026.76,93056.3,93036.766,92978.4
2024-11-26T00:56:10.464,93026.75,93056.3,93036.83,92978.4
2024-11-26T00:56:10.484,93025.8,93056.3,93038.086,92978.4
2024-11-26T00:56:10.504,93023.83,93056.3,93038.74,92978.4
2024-11-26T00:56:10.524,93024.45,93056.3,93038.695,92978.4
2024-11-26T00:56:10.544,93024.3,93056.3,93038.7,92978.4
2024-11-26T00:56:10.564,93025.02,93056.3,93039.5,92978.4
2024-11-26T00:56:10.584,93024.37,93056.3,93039.54,92978.4
2024-11-26T00:56:10.604,93023.586,93056.3,93039.62,92978.4
2024-11-26T00:56:10.624,93025.266,93056.3,93039.71,92978.4
2024-11-26T00:56:10.644,93025.984,93056.3,93039.71,92978.4
2024-11-26T00:56:10.664,93025.8,93056.3,93039.664,92978.4
2024-11-26T00:56:10.684,93025.445,93056.3,93039.7,92978.4
2024-11-26T00:56:10.704,93025.88,93056.3,93040.16,92978.4
2024-11-26T00:56:10.725,93025.63,93056.3,93040.16,92978.4
2024-11-26T00:56:10.745,93024.555,93056.3,93039.41,92978.4
2024-11-26T00:56:10.764,93024.07,93056.3,93040.04,92978.4
2024-11-26T00:56:10.784,93026.055,93056.3,93040.24,92978.4
2024-11-26T00:56:10.804,93027.85,93056.3,93039.836,92978.4
2024-11-26T00:56:10.824,93028.445,93056.3,93039.56,92978.4
2024-11-26T00:56:10.844,93027.375,93056.3,93039.55,92978.4
2024-11-26T00:56:10.865,93027.33,93056.3,93039.55,92978.4
2024-11-26T00:56:10.884,93027.41,93056.3,93037.74,92978.4
2024-11-26T00:56:10.904,93027.06,93056.3,93037.74,92978.4
2024-11-26T00:56:10.944,93027.01,93056.3,93037.71,92978.4
2024-11-26T00:56:10.964,93027.14,93056.3,93037.71,92978.4
2024-11-26T00:56:10.985,93027.195,93056.3,93037.71,92978.4
2024-11-26T00:56:11.005,93027.15,93056.3,93037.19,92978.4
2024-11-26T00:56:11.024,93027.195,93056.3,93035.875,92978.4
2024-11-26T00:56:11.044,93027.445,93056.3,93035.875,92978.4
2024-11-26T00:56:11.064,93027.445,93056.3,93036.29,92978.4
2024-11-26T00:56:11.085,93027.445,93056.3,93036.3,92978.4
2024-11-26T00:56:11.104,93027.125,93056.3,93036.3,92978.4
2024-11-26T00:56:11.124,93027.13,93056.3,93036.3,92978.4
2024-11-26T00:56:11.144,93025.35,93056.3,93036.3,92978.4
2024-11-26T00:56:11.164,93027.2,93056.3,93036.56,92978.4
2024-11-26T00:56:11.185,93026.24,93056.3,93036.58,92978.4
2024-11-26T00:56:11.204,93025.96,93056.3,93036.58,92978.4
2024-11-26T00:56:11.224,93023.195,93056.3,93036.95,92978.4
2024-11-26T00:56:11.244,93023.195,93056.3,93036.95,92978.4
2024-11-26T00:56:11.264,93023.27,93056.3,93036.11,92978.4
2024-11-26T00:56:11.284,93022.75,93056.3,93036.11,92978.4
2024-11-26T00:56:11.304,93022.79,93056.3,93036.11,92978.4
2024-11-26T00:56:11.324,93024.17,93056.3,93036.11,92978.4
2024-11-26T00:56:11.344,93024.17,93056.3,93036.11,92978.4
2024-11-26T00:56:11.364,93024.19,93056.3,93036.11,92978.4
2024-11-26T00:56:11.404,93023.86,93056.3,93036.11,92978.4
2024-11-26T00:56:11.424,93023.81,93056.3,93036.11,92978.4
2024-11-26T00:56:11.444,93023.52,93056.3,93036.11,92978.4
2024-11-26T00:56:11.465,93023.484,93056.3,93036.11,92978.4
2024-11-26T00:56:11.485,93023.91,93056.3,93036.11,92978.4
2024-11-26T00:56:11.524,93023.99,93056.3,93035.99,92978.4
2024-11-26T00:56:11.544,93022.82,93056.3,93035.99,92978.4
2024-11-26T00:56:11.564,93022.42,93056.3,93035.99,92978.4
2024-11-26T00:56:11.684,93022.42,93056.3,93036.11,92978.4
2024-11-26T00:56:11.704,93022.42,93056.3,93035.99,92978.4
2024-11-26T00:56:11.724,93022.97,93056.3,93035.99,92978.4
2024-11-26T00:56:11.744,93024.84,93056.3,93036.19,92978.4
2024-11-26T00:56:11.764,93026.016,93056.3,93035.87,92978.4
2024-11-26T00:56:11.784,93026.09,93056.3,93035.875,92978.4
2024-11-26T00:56:11.804,93026.6,93056.3,93035.875,92978.4
2024-11-26T00:56:11.824,93026.68,93056.3,93036.375,92978.4
2024-11-26T00:56:11.844,93024.22,93056.3,93036.03,92978.4
2024-11-26T00:56:11.864,93023.93,93056.3,93036.04,92978.4
2024-11-26T00:56:11.924,93026.09,93056.3,93036.04,92978.4
2024-11-26T00:56:11.944,93026.12,93056.3,93036.04,92978.4
2024-11-26T00:56:11.964,93026.09,93056.3,93036.04,92978.4
2024-11-26T00:56:11.984,93026.17,93056.3,93036.04,92978.4
2024-11-26T00:56:12.004,93026.375,93056.3,93036.14,92978.4
2024-11-26T00:56:12.024,93026.61,93056.3,93036.14,92978.4
2024-11-26T00:56:12.044,93025.805,93056.3,93035.94,92978.4
2024-11-26T00:56:12.064,93025.15,93056.3,93035.94,92978.4
2024-11-26T00:56:12.084,93025.14,93056.3,93035.94,92978.4
2024-11-26T00:56:12.164,93025.13,93056.3,93035.94,92978.4
2024-11-26T00:56:12.184,93025.164,93056.3,93035.81,92978.4
2024-11-26T00:56:12.204,93025.164,93056.3,93035.94,92978.4
2024-11-26T00:56:12.244,93025.11,93056.3,93036.08,92978.4
2024-11-26T00:56:12.265,93025.086,93056.3,93036.08,92978.4
2024-11-26T00:56:12.304,93025.086,93056.3,93036.39,92978.4
2024-11-26T00:56:12.324,93025.1,93056.3,93036.24,92978.4
2024-11-26T00:56:12.364,93025.06,93056.3,93036.24,92978.4
2024-11-26T00:56:12.384,93023.16,93056.3,93036.33,92978.4
2024-11-26T00:56:12.424,93023.16,93056.3,93036.445,92978.4
2024-11-26T00:56:12.444,93023.16,93056.3,93036.33,92978.4
2024-11-26T00:56:12.464,93023.16,93056.3,93036.445,92978.4
2024-11-26T00:56:12.544,93025.05,93056.3,93036.33,92978.4
2024-11-26T00:56:12.604,93025.05,93056.3,93036.336,92978.4
2024-11-26T00:56:12.624,93025.03,93056.3,93036.336,92978.4
2024-11-26T00:56:12.684,93025.03,93056.3,93036.445,92978.4
2024-11-26T00:56:12.704,93025.03,93056.3,93036.336,92978.4
2024-11-26T00:56:12.724,93024.97,93056.3,93036.34,92978.4
2024-11-26T00:56:12.744,93012.19,93056.3,93027.17,92978.4
2024-11-26T00:56:12.764,93012.97,93056.3,93026.42,92978.4
2024-11-26T00:56:12.784,93008.09,93056.3,93027.21,92978.4
2024-11-26T00:56:12.804,93008.984,93056.3,93027.42,92978.4
2024-11-26T00:56:12.824,93009.2,93056.3,93027.35,92978.4
2024-11-26T00:56:12.844,93010.43,93056.3,93027.45,92978.4
2024-11-26T00:56:12.864,93010.44,93056.3,93027.414,92978.4
2024-11-26T00:56:12.884,93010.9,93056.3,93027.21,92978.4
2024-11-26T00:56:12.904,93010.81,93056.3,93027.44,92978.4
2024-11-26T00:56:12.924,93010.85,93056.3,93027.23,92978.4
2024-11-26T00:56:12.944,93010.59,93056.3,93027.19,92978.4
2024-11-26T00:56:12.964,93010.64,93056.3,93027.22,92978.4
2024-11-26T00:56:12.984,93010.91,93056.3,93027.21,92978.4
2024-11-26T00:56:13.004,93011.76,93056.3,93027.21,92978.4
2024-11-26T00:56:13.024,93011.74,93056.3,93027.21,92978.4
2024-11-26T00:56:13.044,93011.71,93056.3,93027.21,92978.4
2024-11-26T00:56:13.064,93011.72,93056.3,93027.21,92978.4
2024-11-26T00:56:13.084,93010.94,93056.3,93027.07,92978.4
2024-11-26T00:56:13.104,93010.94,93056.3,93027.055,92978.4
2024-11-26T00:56:13.124,93010.93,93056.3,93027.055,92978.4
2024-11-26T00:56:13.144,93010.93,93056.3,93027.07,92978.4
2024-11-26T00:56:13.164,93010.98,93056.3,93027.07,92978.4
2024-11-26T00:56:13.184,93010.9,93056.3,93027.06,92978.4
2024-11-26T00:56:13.204,93010.9,93056.3,93027.07,92978.4
2024-11-26T00:56:13.264,93010.89,93056.3,93027.07,92978.4
2024-11-26T00:56:13.285,93010.89,93056.3,93027.07,92978.4
2024-11-26T00:56:13.304,93010.89,93056.3,93027.055,92978.4
2024-11-26T00:56:13.324,93010.89,93056.3,93027.055,92978.4
2024-11-26T00:56:13.364,93008.66,93056.3,93023.15,92978.4
2024-11-26T00:56:13.384,93007.39,93056.3,93023.91,92978.4
2024-11-26T00:56:13.404,93007.67,93056.3,93024.77,92978.4
2024-11-26T00:56:13.424,93007.84,93056.3,93024.625,92978.4
2024-11-26T00:56:13.444,93008.945,93056.3,93024.62,92978.4
2024-11-26T00:56:13.464,93009.23,93056.3,93024.664,92978.4
2024-11-26T00:56:13.484,93009.41,93056.3,93024.85,92978.4
2024-11-26T00:56:13.504,93009.41,93056.3,93025.03,92978.4
2024-11-26T00:56:13.524,93009.27,93056.3,93024.85,92978.4
2024-11-26T00:56:13.544,93009.26,93056.3,93024.84,92978.4
2024-11-26T00:56:13.564,93008.22,93056.3,93024.875,92978.4
2024-11-26T00:56:13.604,93008.54,93056.3,93024.875,92978.4
2024-11-26T00:56:13.624,93008.51,93056.3,93024.875,92978.4
2024-11-26T00:56:13.644,93004.27,93056.3,93019.555,92978.4
2024-11-26T00:56:13.664,93000.24,93056.3,93018.42,92978.4
2024-11-26T00:56:13.684,92995.75,93056.3,93016.85,92978.4
2024-11-26T00:56:13.704,92994.484,93056.3,93017.29,92978.4
2024-11-26T00:56:13.724,92997.75,93056.3,93016.23,92978.4
2024-11-26T00:56:13.744,92997.97,93056.3,93015.43,92978.4
2024-11-26T00:56:13.764,93004.07,93056.3,93014.234,92978.4
2024-11-26T00:56:13.784,93000.96,93056.3,93014.49,92978.4
2024-11-26T00:56:13.804,93001.31,93056.3,93014.336,92978.4
2024-11-26T00:56:13.824,93001.31,93056.3,93014.484,92978.4
2024-11-26T00:56:13.844,93001.44,93056.3,93014.56,92978.4
2024-11-26T00:56:13.864,93005.98,93056.3,93015.33,92978.4
2024-11-26T00:56:13.884,93003.64,93056.3,93016.75,92978.4
2024-11-26T00:56:13.904,93005.73,93056.3,93018.05,92978.4
2024-11-26T00:56:13.924,93006.01,93056.3,93018.06,92978.4
2024-11-26T00:56:13.944,93007.19,93056.3,93020.59,92978.4
2024-11-26T00:56:13.964,93006.875,93056.3,93021.36,92978.4
2024-11-26T00:56:13.984,93007.41,93056.3,93021.09,92978.4
2024-11-26T00:56:14.004,93003.87,93056.3,93020.8,92978.4
2024-11-26T00:56:14.025,93003.64,93056.3,93020.77,92978.4
2024-11-26T00:56:14.044,93004.34,93056.3,93020.07,92978.4
2024-11-26T00:56:14.064,93004.414,93056.3,93020.086,92978.4
2024-11-26T00:56:14.084,93004.195,93056.3,93020.08,92978.4
2024-11-26T00:56:14.104,93002.85,93056.3,93019.086,92978.4
2024-11-26T00:56:14.124,93000.66,93056.3,93018.36,92978.4
2024-11-26T00:56:14.144,92994.16,93056.3,93010.94,92978.4
2024-11-26T00:56:14.164,92995.336,93056.3,93009.72,92978.4
2024-11-26T00:56:14.184,92994.94,93056.3,93010.414,92978.4
2024-11-26T00:56:14.204,92994.8,93056.3,93011.12,92978.4
2024-11-26T00:56:14.224,92996.484,93056.3,93010.836,92978.4
2024-11-26T00:56:14.244,92996.336,93056.3,93010.19,92978.4
2024-11-26T00:56:14.264,92996.33,93056.3,93010.4,92978.4
2024-11-26T00:56:14.284,92996.64,93056.3,93010.47,92978.4
2024-11-26T00:56:14.304,92996.66,93056.3,93010.47,92978.4
2024-11-26T00:56:14.324,92996.766,93056.3,93010.234,92978.4
2024-11-26T00:56:14.344,92999.89,93056.3,93010.445,92978.4
2024-11-26T00:56:14.365,93001.33,93056.3,93011.07,92978.4
2024-11-26T00:56:14.384,93001.39,93056.3,93011.09,92978.4
2024-11-26T00:56:14.404,93001.36,93056.3,93011.055,92978.4
2024-11-26T00:56:14.424,93001.375,93056.3,93011.234,92978.4
2024-11-26T00:56:14.444,93001.375,93056.3,93011.164,92978.4
2024-11-26T00:56:14.464,93001.41,93056.3,93012.51,92978.4
2024-11-26T00:56:14.484,93001.38,93056.3,93013.13,92978.4
2024-11-26T00:56:14.504,93001.35,93056.3,93013.14,92978.4
2024-11-26T00:56:14.524,93001.35,93056.3,93013.13,92978.4
2024-11-26T00:56:14.544,93001.33,93056.3,93013.13,92978.4
2024-11-26T00:56:14.624,93001.33,93056.3,93013.336,92978.4
2024-11-26T00:56:14.644,93001.36,93056.3,93014.125,92978.4
2024-11-26T00:56:14.664,93001.04,93056.3,93014.21,92978.4
2024-11-26T00:56:14.684,93002.12,93056.3,93014.21,92978.4
2024-11-26T00:56:14.704,93002.12,93056.3,93014.24,92978.4
2024-11-26T00:56:14.724,93002.12,93056.3,93014.24,92978.4
2024-11-26T00:56:14.744,93006.57,93056.3,93016.26,92978.4
2024-11-26T00:56:14.764,93008.38,93056.3,93016.836,92978.4
2024-11-26T00:56:14.784,93007.98,93056.3,93016.83,92978.4
2024-11-26T00:56:14.804,93008.17,93056.3,93016.85,92978.4
2024-11-26T00:56:14.824,93008.234,93056.3,93016.84,92978.4
2024-11-26T00:56:14.845,93008.055,93056.3,93016.84,92978.4
2024-11-26T00:56:14.864,93008.47,93056.3,93016.836,92978.4
2024-11-26T00:56:14.885,93008.76,93056.3,93016.9,92978.4
2024-11-26T00:56:14.904,93008.7,93056.3,93016.836,92978.4
2024-11-26T00:56:14.924,93008.54,93056.3,93016.836,92978.4
2024-11-26T00:56:14.944,93008.42,93056.3,93016.836,92978.4
2024-11-26T00:56:14.965,93008.414,93056.3,93016.836,92978.4
2024-11-26T00:56:14.984,93008.42,93056.3,93016.836,92978.4
2024-11-26T00:56:15.004,93008.43,93056.3,93016.9,92978.4
2024-11-26T00:56:15.084,93008.375,93056.3,93016.9,92978.4
2024-11-26T00:56:15.105,93008.445,93056.3,93016.82,92978.4
2024-11-26T00:56:15.125,93008.445,93056.3,93017.33,92978.4
2024-11-26T00:56:15.144,93008.81,93056.3,93017.75,92978.4
2024-11-26T00:56:15.164,93008.67,93056.3,93017.82,92978.4
2024-11-26T00:56:15.184,93008.766,93056.3,93017.58,92978.4
2024-11-26T00:56:15.204,93008.32,93056.3,93018.195,92978.4
2024-11-26T00:56:15.225,93008.32,93056.3,93020.39,92978.4
2024-11-26T00:56:15.244,93008.41,93056.3,93020.375,92978.4
2024-11-26T00:56:15.264,93008.42,93056.3,93020.375,92978.4
2024-11-26T00:56:15.284,93008.305,93056.3,93020.375,92978.4
2024-11-26T00:56:15.304,93008.23,93056.3,93020.375,92978.4
2024-11-26T00:56:15.324,93007.71,93056.3,93020.484,92978.4
2024-11-26T00:56:15.345,93007.57,93056.3,93020.484,92978.4
2024-11-26T00:56:15.404,93007.51,93056.3,93020.484,92978.4
2024-11-26T00:56:15.424,93007.51,93056.3,93020.984,92978.4
2024-11-26T00:56:15.444,93013.43,93056.3,93025.93,92978.4
