server_time,best_bid_price,best_ask_price,avg_buy_price,avg_sell_price
2024-11-26T12:55:16.084,92264.2,92290.1,92272.164,92286.47
2024-11-26T12:55:16.104,92263.9,92290.1,92271.91,92285.234
2024-11-26T12:55:16.125,92263.8,92290.1,92271.836,92285.07
2024-11-26T12:55:16.144,92263.9,92290.1,92271.92,92285.28
2024-11-26T12:55:16.165,92263.9,92290.1,92271.92,92285.82
2024-11-26T12:55:16.204,92264.0,92290.1,92272.125,92285.84
2024-11-26T12:55:16.224,92264.0,92290.1,92272.125,92286.375
2024-11-26T12:55:16.265,92264.0,92290.1,92272.34,92286.38
2024-11-26T12:55:16.284,92264.0,92290.1,92272.59,92286.38
2024-11-26T12:55:16.305,92264.0,92290.1,92272.59,92286.375
2024-11-26T12:55:16.325,92264.0,92290.1,92272.016,92285.37
2024-11-26T12:55:16.344,92264.0,92290.1,92272.016,92285.38
2024-11-26T12:55:16.364,92264.0,92290.1,92272.016,92285.38
2024-11-26T12:55:16.384,92264.0,92290.1,92271.81,92285.38
2024-11-26T12:55:16.424,92264.0,92290.1,92271.81,92285.5
2024-11-26T12:55:16.444,92264.2,92290.1,92271.86,92285.84
2024-11-26T12:55:16.465,92264.2,92290.1,92271.88,92285.84
2024-11-26T12:55:16.505,92264.2,92290.1,92271.93,92285.84
2024-11-26T12:55:16.524,92264.2,92290.1,92271.93,92285.84
2024-11-26T12:55:16.564,92264.4,92291.3,92271.266,92288.195
2024-11-26T12:55:16.584,92268.8,92292.8,92278.88,92289.516
2024-11-26T12:55:16.604,92268.6,92293.7,92279.016,92287.12
2024-11-26T12:55:16.624,92267.5,92293.8,92275.164,92287.76
2024-11-26T12:55:16.644,92267.4,92293.8,92273.234,92287.76
2024-11-26T12:55:16.664,92267.3,92293.8,92272.94,92287.76
2024-11-26T12:55:16.684,92267.3,92293.7,92272.945,92287.61
2024-11-26T12:55:16.704,92267.3,92293.7,92272.93,92287.61
2024-11-26T12:55:16.724,92267.1,92293.8,92273.05,92287.74
2024-11-26T12:55:16.744,92267.1,92293.8,92273.016,92287.74
2024-11-26T12:55:16.764,92267.1,92293.8,92272.44,92287.92
2024-11-26T12:55:16.784,92267.4,92293.8,92272.664,92287.92
2024-11-26T12:55:16.804,92267.3,92293.7,92271.57,92286.14
2024-11-26T12:55:16.824,92267.0,92293.7,92272.49,92286.195
2024-11-26T12:55:16.844,92267.0,92293.7,92272.49,92286.18
2024-11-26T12:55:16.884,92267.1,92293.7,92273.68,92286.17
2024-11-26T12:55:16.924,92267.3,92293.6,92273.61,92286.17
2024-11-26T12:55:16.944,92267.1,92293.6,92273.6,92286.17
2024-11-26T12:55:16.964,92267.3,92293.6,92273.61,92286.17
2024-11-26T12:55:17.004,92267.3,92293.6,92273.61,92286.17
2024-11-26T12:55:17.024,92267.3,92293.6,92273.61,92286.195
2024-11-26T12:55:17.044,92267.3,92293.6,92273.61,92286.19
2024-11-26T12:55:17.064,92267.1,92293.7,92273.59,92286.19
2024-11-26T12:55:17.084,92267.3,92293.7,92274.32,92286.19
2024-11-26T12:55:17.124,92267.5,92293.7,92274.72,92286.19
2024-11-26T12:55:17.204,92267.6,92293.7,92276.586,92286.19
2024-11-26T12:55:17.224,92268.0,92293.7,92276.66,92286.19
2024-11-26T12:55:17.244,92268.1,92293.7,92276.92,92286.19
2024-11-26T12:55:17.264,92267.6,92293.7,92276.86,92286.2
2024-11-26T12:55:17.284,92267.6,92293.7,92276.85,92286.2
2024-11-26T12:55:17.304,92267.6,92293.7,92276.84,92286.766
2024-11-26T12:55:17.324,92267.5,92293.7,92276.516,92286.8
2024-11-26T12:55:17.344,92267.1,92293.7,92275.9,92286.8
2024-11-26T12:55:17.364,92267.1,92293.7,92275.9,92286.21
2024-11-26T12:55:17.384,92267.1,92293.7,92275.9,92286.0
2024-11-26T12:55:17.444,92267.3,92293.7,92276.79,92286.13
2024-11-26T12:55:17.464,92267.1,92293.7,92276.8,92286.05
2024-11-26T12:55:17.484,92267.1,92293.7,92276.17,92286.05
2024-11-26T12:55:17.584,92267.1,92293.7,92276.195,92286.05
2024-11-26T12:55:17.604,92267.1,92293.7,92276.09,92286.05
2024-11-26T12:55:17.624,92267.1,92293.7,92276.09,92286.05
2024-11-26T12:55:17.704,92267.3,92293.7,92276.02,92286.05
2024-11-26T12:55:17.724,92267.3,92293.7,92276.02,92286.05
2024-11-26T12:55:17.744,92267.3,92293.7,92276.5,92286.05
2024-11-26T12:55:17.764,92267.4,92293.7,92277.75,92286.51
2024-11-26T12:55:17.785,92267.3,92293.7,92276.72,92286.484
2024-11-26T12:55:17.805,92267.3,92293.7,92276.72,92286.64
2024-11-26T12:55:17.824,92267.3,92293.7,92276.72,92286.59
2024-11-26T12:55:17.844,92267.4,92293.7,92276.984,92286.59
2024-11-26T12:55:17.865,92267.4,92293.7,92276.914,92286.58
2024-11-26T12:55:17.884,92268.5,92293.8,92278.21,92287.414
2024-11-26T12:55:17.904,92268.6,92293.8,92277.87,92287.414
2024-11-26T12:55:17.925,92268.6,92293.8,92277.87,92288.11
2024-11-26T12:55:17.944,92268.8,92293.8,92277.9,92288.1
2024-11-26T12:55:17.964,92269.0,92293.8,92277.91,92288.1
2024-11-26T12:55:17.984,92269.9,92295.3,92280.516,92290.4
2024-11-26T12:55:18.004,92270.5,92296.9,92281.03,92294.27
2024-11-26T12:55:18.024,92271.8,92298.1,92281.08,92294.73
2024-11-26T12:55:18.044,92271.4,92298.1,92277.805,92294.73
2024-11-26T12:55:18.064,92271.4,92298.1,92279.43,92294.73
2024-11-26T12:55:18.084,92271.9,92298.3,92280.805,92294.56
2024-11-26T12:55:18.104,92271.6,92298.3,92280.41,92294.57
2024-11-26T12:55:18.124,92271.6,92298.1,92278.836,92294.555
2024-11-26T12:55:18.144,92271.6,92298.1,92278.83,92294.555
2024-11-26T12:55:18.164,92271.6,92298.1,92280.414,92294.555
2024-11-26T12:55:18.224,92271.9,92298.1,92280.46,92294.555
2024-11-26T12:55:18.244,92272.0,92298.1,92280.51,92294.555
2024-11-26T12:55:18.264,92271.9,92298.1,92280.6,92294.57
2024-11-26T12:55:18.284,92272.1,92298.1,92280.734,92294.57
2024-11-26T12:55:18.304,92272.7,92298.4,92283.7,92294.84
2024-11-26T12:55:18.324,92273.1,92298.5,92281.61,92294.9
2024-11-26T12:55:18.344,92273.1,92298.5,92281.48,92294.9
2024-11-26T12:55:18.364,92273.1,92298.5,92281.42,92294.9
2024-11-26T12:55:18.384,92273.0,92298.5,92281.41,92294.9
2024-11-26T12:55:18.404,92273.0,92298.5,92281.414,92294.89
2024-11-26T12:55:18.444,92273.1,92298.8,92281.44,92295.195
2024-11-26T12:55:18.464,92273.5,92298.9,92281.516,92295.44
2024-11-26T12:55:18.484,92273.5,92298.9,92281.36,92295.44
2024-11-26T12:55:18.504,92273.5,92298.9,92281.36,92295.44
2024-11-26T12:55:18.544,92273.5,92298.9,92281.36,92295.44
2024-11-26T12:55:18.564,92273.6,92298.9,92281.266,92295.44
2024-11-26T12:55:18.584,92273.6,92298.9,92281.266,92295.44
2024-11-26T12:55:18.604,92273.6,92298.9,92281.266,92295.44
2024-11-26T12:55:18.624,92273.6,92298.9,92281.26,92295.42
2024-11-26T12:55:18.644,92273.7,92298.9,92281.266,92295.42
2024-11-26T12:55:18.704,92273.7,92298.8,92281.266,92295.195
2024-11-26T12:55:18.724,92273.3,92300.0,92281.234,92297.38
2024-11-26T12:55:18.744,92274.2,92300.9,92284.23,92297.49
2024-11-26T12:55:18.764,92276.3,92304.0,92286.88,92299.086
2024-11-26T12:55:18.784,92278.3,92306.6,92289.94,92300.86
2024-11-26T12:55:18.804,92279.2,92307.3,92287.96,92301.07
2024-11-26T12:55:18.824,92279.2,92307.4,92288.22,92300.68
2024-11-26T12:55:18.844,92280.0,92307.6,92289.16,92301.01
2024-11-26T12:55:18.864,92280.2,92307.4,92288.92,92300.65
2024-11-26T12:55:18.884,92280.2,92307.4,92288.91,92300.65
2024-11-26T12:55:18.904,92279.4,92307.4,92288.84,92300.65
2024-11-26T12:55:18.924,92280.3,92307.4,92287.57,92300.945
2024-11-26T12:55:18.944,92280.2,92307.9,92287.35,92301.58
2024-11-26T12:55:18.964,92280.2,92307.9,92287.336,92301.58
2024-11-26T12:55:18.984,92280.2,92307.9,92287.32,92301.58
2024-11-26T12:55:19.004,92280.2,92307.9,92286.81,92301.58
2024-11-26T12:55:19.044,92280.3,92307.9,92286.83,92301.58
2024-11-26T12:55:19.064,92280.3,92307.9,92286.87,92301.58
2024-11-26T12:55:19.084,92280.3,92307.8,92286.914,92301.0
2024-11-26T12:55:19.104,92280.0,92307.8,92286.34,92301.0
2024-11-26T12:55:19.124,92280.0,92307.8,92286.34,92300.93
2024-11-26T12:55:19.144,92280.8,92308.5,92286.93,92301.6
2024-11-26T12:55:19.164,92280.9,92308.5,92287.91,92301.6
2024-11-26T12:55:19.184,92280.7,92308.5,92286.4,92301.6
2024-11-26T12:55:19.204,92281.0,92308.6,92288.04,92302.18
2024-11-26T12:55:19.224,92281.9,92308.5,92287.34,92301.62
2024-11-26T12:55:19.244,92281.9,92308.5,92287.266,92301.62
2024-11-26T12:55:19.264,92282.0,92308.5,92287.8,92301.62
2024-11-26T12:55:19.284,92282.1,92308.2,92289.125,92301.61
2024-11-26T12:55:19.304,92282.0,92308.2,92289.09,92301.61
2024-11-26T12:55:19.324,92282.1,92308.2,92289.03,92301.61
2024-11-26T12:55:19.345,92282.6,92308.2,92289.05,92301.61
2024-11-26T12:55:19.385,92282.6,92308.2,92289.055,92301.61
2024-11-26T12:55:19.424,92282.6,92308.2,92289.055,92301.61
2024-11-26T12:55:19.524,92282.7,92308.2,92289.08,92301.61
2024-11-26T12:55:19.544,92282.8,92308.2,92288.414,92301.62
2024-11-26T12:55:19.564,92282.8,92308.2,92288.4,92301.62
2024-11-26T12:55:19.584,92282.7,92308.2,92289.06,92301.62
2024-11-26T12:55:19.604,92282.7,92308.2,92289.055,92301.62
2024-11-26T12:55:19.624,92282.7,92308.2,92289.07,92301.62
2024-11-26T12:55:19.644,92282.7,92308.2,92288.586,92300.19
2024-11-26T12:55:19.664,92281.7,92308.6,92286.164,92300.695
2024-11-26T12:55:19.684,92281.9,92308.6,92286.92,92300.695
2024-11-26T12:55:19.704,92281.7,92308.6,92287.24,92300.83
2024-11-26T12:55:19.725,92282.0,92308.6,92288.58,92300.83
2024-11-26T12:55:19.744,92281.7,92308.6,92287.31,92300.83
2024-11-26T12:55:19.764,92281.7,92308.5,92287.31,92300.33
2024-11-26T12:55:19.785,92281.3,92308.5,92287.3,92300.33
2024-11-26T12:55:19.804,92281.7,92308.5,92287.31,92300.33
2024-11-26T12:55:19.824,92281.7,92308.2,92287.55,92301.305
2024-11-26T12:55:19.844,92282.0,92308.0,92287.31,92301.305
2024-11-26T12:55:19.864,92281.9,92308.0,92287.875,92301.305
2024-11-26T12:55:19.884,92282.0,92308.0,92287.35,92301.305
2024-11-26T12:55:19.904,92281.9,92308.0,92286.875,92301.305
2024-11-26T12:55:19.924,92282.0,92308.0,92287.32,92301.305
2024-11-26T12:55:19.944,92282.0,92308.0,92287.266,92301.305
2024-11-26T12:55:19.964,92282.7,92308.0,92288.516,92301.305
2024-11-26T12:55:19.985,92282.7,92308.0,92288.54,92301.305
2024-11-26T12:55:20.004,92282.7,92308.0,92288.54,92301.305
2024-11-26T12:55:20.024,92282.7,92308.0,92288.555,92301.305
2024-11-26T12:55:20.044,92282.8,92308.0,92288.695,92301.3
2024-11-26T12:55:20.064,92282.8,92308.2,92288.695,92301.31
2024-11-26T12:55:20.084,92282.8,92308.2,92288.695,92301.3
2024-11-26T12:55:20.164,92282.8,92308.2,92288.69,92301.3
2024-11-26T12:55:20.184,92283.1,92308.2,92288.69,92301.3
2024-11-26T12:55:20.204,92283.2,92308.2,92288.7,92301.734
2024-11-26T12:55:20.224,92283.3,92308.2,92288.74,92301.734
2024-11-26T12:55:20.244,92283.3,92308.2,92288.74,92301.734
2024-11-26T12:55:20.304,92283.3,92308.2,92288.734,92301.734
2024-11-26T12:55:20.325,92283.3,92308.2,92288.734,92301.75
2024-11-26T12:55:20.364,92283.6,92308.2,92288.76,92301.734
2024-11-26T12:55:20.384,92283.4,92308.2,92288.766,92301.734
2024-11-26T12:55:20.424,92283.4,92308.2,92288.77,92301.734
2024-11-26T12:55:20.464,92283.4,92308.2,92288.77,92301.734
2024-11-26T12:55:20.484,92283.3,92308.2,92288.76,92301.734
2024-11-26T12:55:20.544,92283.4,92308.2,92288.77,92301.734
2024-11-26T12:55:20.584,92283.4,92308.2,92288.79,92301.734
2024-11-26T12:55:20.624,92283.6,92308.2,92288.79,92301.734
2024-11-26T12:55:20.704,92283.3,92308.2,92288.78,92301.734
2024-11-26T12:55:20.744,92283.6,92308.7,92289.2,92302.63
2024-11-26T12:55:20.764,92283.8,92308.7,92292.72,92302.664
2024-11-26T12:55:20.784,92283.8,92308.7,92292.72,92302.63
2024-11-26T12:55:20.804,92283.7,92308.7,92292.695,92302.63
2024-11-26T12:55:20.824,92283.7,92308.7,92292.61,92302.63
2024-11-26T12:55:20.844,92283.7,92308.7,92292.62,92302.67
2024-11-26T12:55:20.864,92283.7,92308.7,92292.59,92302.67
2024-11-26T12:55:20.885,92283.7,92308.7,92292.57,92302.67
2024-11-26T12:55:20.904,92283.7,92308.7,92292.59,92302.67
2024-11-26T12:55:20.964,92283.7,92308.7,92292.6,92302.67
2024-11-26T12:55:20.984,92284.1,92309.0,92293.32,92303.016
2024-11-26T12:55:21.004,92283.9,92309.0,92289.88,92302.984
2024-11-26T12:55:21.024,92283.9,92309.0,92289.88,92302.984
2024-11-26T12:55:21.044,92283.8,92309.0,92289.85,92302.984
2024-11-26T12:55:21.064,92283.8,92309.0,92289.85,92302.984
2024-11-26T12:55:21.084,92283.8,92309.0,92288.836,92302.984
2024-11-26T12:55:21.104,92283.8,92309.0,92288.39,92302.984
2024-11-26T12:55:21.124,92283.8,92309.0,92289.37,92302.734
2024-11-26T12:55:21.164,92283.8,92309.0,92289.41,92302.734
2024-11-26T12:55:21.184,92283.8,92309.0,92289.4,92302.734
2024-11-26T12:55:21.224,92284.0,92309.0,92289.98,92302.734
2024-11-26T12:55:21.264,92284.0,92309.0,92288.766,92302.734
2024-11-26T12:55:21.285,92284.0,92309.0,92289.98,92302.734
2024-11-26T12:55:21.325,92284.1,92309.0,92290.72,92302.734
2024-11-26T12:55:21.344,92284.1,92309.0,92290.71,92302.734
2024-11-26T12:55:21.385,92284.1,92309.0,92289.21,92302.734
2024-11-26T12:55:21.405,92284.0,92309.0,92288.766,92302.695
2024-11-26T12:55:21.424,92284.0,92309.0,92289.98,92302.58
2024-11-26T12:55:21.445,92284.0,92309.0,92289.98,92302.586
2024-11-26T12:55:21.484,92284.0,92309.0,92289.98,92302.61
2024-11-26T12:55:21.504,92284.0,92309.0,92289.984,92302.61
2024-11-26T12:55:21.525,92284.0,92309.0,92289.984,92302.734
2024-11-26T12:55:21.584,92283.9,92309.0,92288.586,92302.734
2024-11-26T12:55:21.604,92283.9,92309.0,92288.586,92302.734
2024-11-26T12:55:21.624,92283.8,92309.0,92288.42,92302.734
2024-11-26T12:55:21.685,92284.0,92309.0,92288.79,92302.734
2024-11-26T12:55:21.704,92284.0,92309.0,92288.79,92302.734
2024-11-26T12:55:21.724,92284.4,92309.0,92290.76,92302.734
2024-11-26T12:55:21.744,92284.5,92309.0,92291.87,92302.734
2024-11-26T12:55:21.764,92284.5,92308.8,92291.87,92302.734
2024-11-26T12:55:21.784,92284.5,92308.8,92291.87,92302.734
2024-11-26T12:55:21.824,92284.5,92308.8,92291.88,92302.734
2024-11-26T12:55:21.844,92284.4,92308.8,92289.36,92302.734
2024-11-26T12:55:21.864,92284.0,92308.8,92288.88,92302.61
2024-11-26T12:55:21.885,92284.0,92308.7,92288.91,92302.58
2024-11-26T12:55:21.904,92284.0,92308.7,92288.92,92302.58
2024-11-26T12:55:21.925,92284.0,92308.7,92288.92,92302.7
2024-11-26T12:55:21.944,92284.0,92308.7,92288.91,92302.695
2024-11-26T12:55:21.964,92283.9,92308.7,92288.73,92302.695
2024-11-26T12:55:21.984,92284.0,92308.7,92288.914,92302.695
2024-11-26T12:55:22.024,92284.1,92308.7,92289.336,92302.695
2024-11-26T12:55:22.105,92284.1,92308.7,92290.766,92302.695
2024-11-26T12:55:22.124,92284.1,92308.7,92289.25,92302.695
2024-11-26T12:55:22.164,92284.1,92308.7,92289.25,92302.85
2024-11-26T12:55:22.185,92284.1,92308.7,92289.266,92302.85
2024-11-26T12:55:22.204,92284.0,92308.7,92290.05,92302.85
2024-11-26T12:55:22.224,92284.0,92308.7,92288.94,92302.85
2024-11-26T12:55:22.264,92284.0,92308.7,92288.94,92302.85
2024-11-26T12:55:22.285,92283.9,92308.7,92289.76,92302.68
2024-11-26T12:55:22.304,92283.8,92308.7,92289.47,92302.31
2024-11-26T12:55:22.324,92283.8,92308.7,92289.43,92302.45
2024-11-26T12:55:22.344,92283.8,92308.7,92289.47,92302.43
2024-11-26T12:55:22.364,92283.9,92308.7,92289.695,92302.586
2024-11-26T12:55:22.385,92284.0,92308.7,92290.04,92302.72
2024-11-26T12:55:22.444,92284.0,92308.7,92290.016,92302.625
2024-11-26T12:55:22.464,92283.9,92308.7,92289.75,92302.55
2024-11-26T12:55:22.484,92283.9,92308.7,92289.75,92302.6
2024-11-26T12:55:22.504,92283.8,92308.7,92289.45,92302.37
2024-11-26T12:55:22.525,92283.8,92308.7,92289.57,92302.37
2024-11-26T12:55:22.585,92283.7,92308.7,92289.6,92302.53
2024-11-26T12:55:22.605,92283.7,92308.7,92289.78,92302.72
2024-11-26T12:55:22.645,92283.7,92308.7,92289.78,92302.484
2024-11-26T12:55:22.664,92283.7,92308.7,92289.61,92302.64
2024-11-26T12:55:22.684,92283.7,92308.7,92289.48,92302.64
2024-11-26T12:55:22.704,92283.4,92308.7,92289.54,92302.66
2024-11-26T12:55:22.724,92283.7,92308.7,92289.52,92302.66
2024-11-26T12:55:22.764,92283.8,92308.7,92289.516,92302.66
2024-11-26T12:55:22.784,92283.7,92308.7,92289.555,92302.66
2024-11-26T12:55:22.824,92283.7,92308.7,92289.555,92302.664
2024-11-26T12:55:22.845,92283.7,92308.7,92289.555,92302.664
2024-11-26T12:55:22.884,92283.7,92308.7,92288.97,92302.09
2024-11-26T12:55:22.904,92283.7,92308.7,92291.02,92302.586
2024-11-26T12:55:22.925,92283.9,92308.7,92291.16,92302.586
2024-11-26T12:55:22.945,92283.9,92308.7,92291.13,92302.43
2024-11-26T12:55:22.964,92283.9,92308.7,92290.984,92302.46
2024-11-26T12:55:22.984,92284.0,92308.7,92291.266,92302.6
2024-11-26T12:55:23.004,92283.9,92308.7,92290.984,92302.6
2024-11-26T12:55:23.024,92283.8,92308.7,92290.68,92302.6
2024-11-26T12:55:23.045,92283.8,92308.8,92290.71,92302.9
2024-11-26T12:55:23.064,92284.1,92310.0,92293.63,92302.94
2024-11-26T12:55:23.084,92284.4,92310.0,92293.375,92302.94
2024-11-26T12:55:23.124,92284.4,92310.1,92292.68,92303.47
2024-11-26T12:55:23.144,92286.6,92311.0,92297.17,92303.42
2024-11-26T12:55:23.164,92288.6,92314.9,92298.72,92310.3
2024-11-26T12:55:23.184,92289.6,92315.1,92300.15,92311.875
2024-11-26T12:55:23.204,92288.5,92315.0,92299.93,92311.94
2024-11-26T12:55:23.224,92288.3,92315.0,92300.51,92312.35
2024-11-26T12:55:23.244,92288.2,92315.0,92300.53,92312.055
2024-11-26T12:55:23.264,92288.2,92315.1,92300.46,92312.48
2024-11-26T12:55:23.284,92288.2,92315.1,92300.46,92312.48
2024-11-26T12:55:23.304,92288.3,92315.1,92300.47,92312.61
2024-11-26T12:55:23.324,92288.4,92315.1,92300.555,92312.61
2024-11-26T12:55:23.344,92288.7,92315.1,92300.586,92312.61
2024-11-26T12:55:23.364,92288.7,92315.1,92300.57,92311.71
2024-11-26T12:55:23.384,92288.7,92315.1,92300.59,92311.17
2024-11-26T12:55:23.404,92288.7,92315.1,92300.59,92311.164
2024-11-26T12:55:23.424,92288.5,92315.1,92300.586,92311.76
2024-11-26T12:55:23.444,92288.5,92315.1,92300.1,92311.805
2024-11-26T12:55:23.464,92288.6,92315.1,92300.164,92311.875
2024-11-26T12:55:23.484,92288.9,92315.2,92300.12,92311.75
2024-11-26T12:55:23.504,92288.9,92315.2,92300.12,92311.85
2024-11-26T12:55:23.524,92289.4,92315.1,92300.32,92311.8
2024-11-26T12:55:23.544,92290.0,92315.1,92301.26,92311.7
2024-11-26T12:55:23.564,92290.2,92315.1,92301.29,92311.875
2024-11-26T12:55:23.584,92290.0,92315.1,92301.26,92311.875
2024-11-26T12:55:23.604,92290.0,92315.1,92301.31,92311.875
2024-11-26T12:55:23.624,92290.2,92315.2,92301.52,92312.69
2024-11-26T12:55:23.644,92293.7,92318.3,92303.23,92315.03
2024-11-26T12:55:23.664,92293.8,92318.4,92302.21,92314.984
2024-11-26T12:55:23.684,92293.9,92318.3,92302.33,92314.95
2024-11-26T12:55:23.704,92293.9,92318.3,92302.984,92314.94
2024-11-26T12:55:23.724,92293.9,92318.2,92302.33,92314.44
2024-11-26T12:55:23.744,92293.7,92318.2,92302.12,92314.38
2024-11-26T12:55:23.764,92293.7,92318.1,92302.15,92313.336
2024-11-26T12:55:23.784,92293.7,92318.1,92302.34,92313.336
2024-11-26T12:55:23.804,92295.6,92318.7,92303.65,92315.375
2024-11-26T12:55:23.824,92295.6,92318.7,92303.73,92315.375
2024-11-26T12:55:23.844,92295.6,92318.7,92303.74,92315.375
2024-11-26T12:55:23.864,92295.4,92318.7,92303.664,92315.375
2024-11-26T12:55:23.884,92295.8,92318.7,92303.52,92315.41
2024-11-26T12:55:23.904,92296.1,92318.7,92303.805,92315.41
2024-11-26T12:55:23.924,92296.1,92318.7,92303.805,92315.5
2024-11-26T12:55:23.964,92296.1,92318.7,92303.82,92315.5
2024-11-26T12:55:23.984,92296.2,92318.7,92303.91,92315.5
2024-11-26T12:55:24.064,92296.1,92318.8,92304.33,92315.49
2024-11-26T12:55:24.084,92296.1,92318.8,92304.32,92315.49
2024-11-26T12:55:24.104,92296.1,92318.8,92304.32,92315.445
2024-11-26T12:55:24.124,92296.1,92319.2,92304.32,92315.48
2024-11-26T12:55:24.164,92296.1,92319.2,92304.27,92315.48
2024-11-26T12:55:24.184,92298.5,92327.4,92307.23,92323.24
2024-11-26T12:55:24.204,92301.1,92327.5,92307.766,92322.195
2024-11-26T12:55:24.224,92300.0,92327.4,92310.055,92322.31
2024-11-26T12:55:24.244,92300.3,92327.4,92309.805,92322.945
2024-11-26T12:55:24.264,92301.1,92327.8,92309.93,92324.33
2024-11-26T12:55:24.284,92301.7,92327.8,92309.375,92324.75
2024-11-26T12:55:24.304,92301.9,92328.3,92309.375,92324.99
2024-11-26T12:55:24.324,92302.1,92328.3,92310.46,92324.99
2024-11-26T12:55:24.344,92302.0,92328.1,92310.4,92324.76
2024-11-26T12:55:24.364,92302.0,92328.3,92310.4,92325.05
2024-11-26T12:55:24.384,92302.0,92328.1,92310.39,92324.43
2024-11-26T12:55:24.404,92301.7,92327.8,92309.586,92323.31
2024-11-26T12:55:24.424,92301.2,92327.8,92309.53,92323.14
2024-11-26T12:55:24.444,92301.7,92327.8,92309.59,92323.66
2024-11-26T12:55:24.464,92301.7,92327.8,92309.59,92323.21
2024-11-26T12:55:24.485,92301.7,92327.8,92309.586,92323.21
2024-11-26T12:55:24.504,92302.0,92327.9,92310.98,92324.03
2024-11-26T12:55:24.525,92302.4,92328.1,92310.51,92324.55
2024-11-26T12:55:24.564,92302.4,92328.0,92310.51,92324.65
2024-11-26T12:55:24.584,92302.1,92328.0,92310.08,92324.8
2024-11-26T12:55:24.604,92302.1,92328.1,92312.445,92324.695
2024-11-26T12:55:24.624,92302.4,92328.4,92312.414,92325.19
2024-11-26T12:55:24.644,92302.0,92328.3,92312.23,92325.15
2024-11-26T12:55:24.664,92302.4,92328.4,92312.37,92325.18
2024-11-26T12:55:24.684,92303.1,92328.4,92313.76,92325.18
2024-11-26T12:55:24.704,92303.1,92328.3,92314.01,92325.16
2024-11-26T12:55:24.724,92302.6,92328.3,92312.984,92325.16
2024-11-26T12:55:24.744,92302.0,92328.3,92312.805,92325.16
2024-11-26T12:55:24.784,92302.0,92328.3,92312.85,92325.15
2024-11-26T12:55:24.824,92301.9,92328.3,92311.74,92325.15
2024-11-26T12:55:24.844,92302.4,92328.3,92313.19,92325.15
2024-11-26T12:55:24.884,92302.1,92328.3,92313.055,92325.15
2024-11-26T12:55:24.904,92302.1,92328.3,92313.06,92325.1
2024-11-26T12:55:24.924,92302.1,92328.3,92313.06,92325.15
2024-11-26T12:55:24.944,92302.0,92328.3,92313.016,92325.1
2024-11-26T12:55:24.964,92301.9,92328.3,92311.79,92325.15
2024-11-26T12:55:24.984,92302.1,92328.3,92313.02,92324.734
2024-11-26T12:55:25.004,92302.1,92328.1,92312.98,92324.38
2024-11-26T12:55:25.024,92302.0,92328.1,92312.73,92324.29
2024-11-26T12:55:25.044,92301.7,92328.0,92311.11,92324.06
2024-11-26T12:55:25.064,92301.2,92328.0,92310.84,92323.945
2024-11-26T12:55:25.084,92300.0,92328.0,92310.17,92324.055
2024-11-26T12:55:25.104,92300.1,92328.0,92310.56,92324.02
2024-11-26T12:55:25.124,92300.1,92328.0,92310.56,92323.98
2024-11-26T12:55:25.144,92300.0,92327.9,92310.12,92323.73
2024-11-26T12:55:25.164,92301.2,92329.6,92310.82,92324.01
2024-11-26T12:55:25.184,92301.7,92329.6,92310.85,92324.016
2024-11-26T12:55:25.204,92303.2,92330.3,92313.48,92326.49
2024-11-26T12:55:25.224,92304.8,92330.5,92313.95,92327.43
2024-11-26T12:55:25.244,92305.3,92330.4,92316.87,92327.45
2024-11-26T12:55:25.264,92305.6,92330.5,92316.89,92327.46
2024-11-26T12:55:25.284,92305.5,92330.5,92316.836,92327.46
2024-11-26T12:55:25.304,92305.9,92330.8,92318.96,92327.5
2024-11-26T12:55:25.324,92305.9,92330.6,92317.2,92327.33
2024-11-26T12:55:25.344,92305.7,92330.6,92317.07,92327.375
2024-11-26T12:55:25.364,92305.7,92330.6,92317.08,92327.375
2024-11-26T12:55:25.384,92305.5,92330.6,92316.91,92327.375
2024-11-26T12:55:25.404,92305.5,92330.6,92316.91,92327.37
2024-11-26T12:55:25.424,92305.4,92330.6,92316.89,92327.445
2024-11-26T12:55:25.445,92305.4,92330.6,92316.9,92327.484
2024-11-26T12:55:25.464,92305.5,92330.5,92316.945,92327.44
2024-11-26T12:55:25.484,92306.4,92332.0,92320.8,92329.38
2024-11-26T12:55:25.505,92306.7,92332.2,92318.914,92329.48
2024-11-26T12:55:25.524,92306.7,92332.2,92318.87,92329.484
2024-11-26T12:55:25.544,92306.3,92332.2,92318.25,92329.31
2024-11-26T12:55:25.564,92306.1,92332.3,92318.04,92329.14
2024-11-26T12:55:25.584,92306.1,92332.3,92317.36,92329.16
2024-11-26T12:55:25.604,92306.3,92332.3,92317.4,92328.984
2024-11-26T12:55:25.624,92306.3,92332.3,92317.4,92329.15
2024-11-26T12:55:25.644,92306.3,92332.3,92317.41,92329.15
2024-11-26T12:55:25.664,92306.3,92332.3,92317.47,92329.15
2024-11-26T12:55:25.684,92306.3,92332.3,92317.47,92329.12
2024-11-26T12:55:25.704,92306.3,92332.3,92317.36,92329.01
2024-11-26T12:55:25.724,92306.3,92332.3,92317.14,92328.85
2024-11-26T12:55:25.744,92306.4,92332.3,92317.46,92328.85
2024-11-26T12:55:25.764,92306.4,92332.3,92317.46,92329.12
2024-11-26T12:55:25.784,92306.4,92332.3,92317.45,92329.12
2024-11-26T12:55:25.805,92306.4,92332.3,92317.45,92328.96
2024-11-26T12:55:25.824,92306.4,92332.3,92317.51,92329.17
2024-11-26T12:55:25.845,92306.4,92332.3,92317.53,92329.17
2024-11-26T12:55:25.904,92306.4,92332.3,92317.52,92329.17
2024-11-26T12:55:25.924,92306.4,92332.3,92317.51,92329.17
2024-11-26T12:55:25.944,92306.5,92332.3,92317.625,92329.19
2024-11-26T12:55:25.964,92306.5,92332.3,92317.625,92329.19
2024-11-26T12:55:25.984,92306.5,92332.3,92317.63,92329.19
2024-11-26T12:55:26.004,92306.5,92332.3,92317.625,92329.19
2024-11-26T12:55:26.044,92306.5,92332.3,92317.625,92329.13
2024-11-26T12:55:26.065,92306.5,92332.3,92317.625,92329.05
2024-11-26T12:55:26.104,92306.5,92332.3,92317.625,92329.19
2024-11-26T12:55:26.165,92306.5,92332.3,92317.89,92329.14
2024-11-26T12:55:26.184,92306.5,92332.3,92317.89,92329.19
2024-11-26T12:55:26.244,92306.5,92332.3,92317.89,92329.195
2024-11-26T12:55:26.284,92306.7,92332.3,92317.92,92329.195
2024-11-26T12:55:26.304,92306.7,92332.3,92318.02,92329.195
2024-11-26T12:55:26.324,92306.7,92332.4,92318.04,92329.17
2024-11-26T12:55:26.344,92307.3,92332.4,92319.31,92329.17
2024-11-26T12:55:26.364,92307.5,92332.5,92319.34,92329.336
2024-11-26T12:55:26.385,92307.6,92332.5,92319.81,92329.516
2024-11-26T12:55:26.405,92307.6,92332.5,92319.8,92329.516
2024-11-26T12:55:26.464,92307.4,92332.6,92318.984,92329.51
2024-11-26T12:55:26.485,92307.3,92332.6,92318.695,92329.51
2024-11-26T12:55:26.504,92307.3,92332.6,92318.95,92329.37
2024-11-26T12:55:26.525,92307.3,92332.6,92318.96,92329.16
2024-11-26T12:55:26.544,92307.4,92332.6,92318.67,92329.16
2024-11-26T12:55:26.564,92307.8,92332.6,92319.48,92329.0
2024-11-26T12:55:26.585,92308.0,92332.5,92321.48,92328.734
2024-11-26T12:55:26.605,92308.0,92332.5,92321.516,92328.664
2024-11-26T12:55:26.624,92307.5,92333.3,92319.734,92330.12
2024-11-26T12:55:26.644,92308.3,92334.0,92320.44,92331.09
2024-11-26T12:55:26.664,92307.8,92334.0,92318.805,92330.99
2024-11-26T12:55:26.684,92307.7,92334.0,92318.85,92330.95
2024-11-26T12:55:26.704,92307.7,92334.0,92319.3,92330.95
2024-11-26T12:55:26.724,92307.8,92334.0,92319.22,92330.95
2024-11-26T12:55:26.744,92308.0,92334.0,92320.78,92330.92
2024-11-26T12:55:26.764,92307.8,92334.1,92319.07,92330.84
2024-11-26T12:55:26.784,92308.0,92334.3,92320.84,92330.83
2024-11-26T12:55:26.804,92307.8,92334.3,92319.16,92330.945
2024-11-26T12:55:26.824,92307.8,92334.3,92319.16,92330.945
2024-11-26T12:55:26.844,92307.8,92334.3,92319.125,92330.945
2024-11-26T12:55:26.864,92308.4,92334.3,92321.14,92330.96
2024-11-26T12:55:26.884,92308.4,92334.3,92321.14,92330.96
2024-11-26T12:55:26.904,92308.4,92334.1,92321.13,92330.86
2024-11-26T12:55:26.924,92308.4,92334.1,92321.13,92330.74
2024-11-26T12:55:26.944,92308.4,92334.0,92321.13,92330.73
2024-11-26T12:55:26.964,92308.4,92334.1,92321.13,92330.79
2024-11-26T12:55:26.984,92308.4,92334.3,92321.13,92330.96
2024-11-26T12:55:27.004,92308.3,92334.3,92321.07,92330.96
2024-11-26T12:55:27.084,92308.0,92334.1,92321.016,92330.914
2024-11-26T12:55:27.104,92308.3,92334.1,92321.08,92330.914
2024-11-26T12:55:27.124,92308.1,92334.1,92321.06,92330.914
2024-11-26T12:55:27.144,92308.3,92334.1,92321.13,92330.92
2024-11-26T12:55:27.184,92308.3,92334.1,92321.13,92330.93
2024-11-26T12:55:27.204,92309.0,92335.1,92321.195,92330.76
2024-11-26T12:55:27.224,92309.5,92335.7,92321.23,92330.695
2024-11-26T12:55:27.244,92309.5,92335.7,92321.23,92330.62
2024-11-26T12:55:27.264,92308.8,92335.7,92321.164,92330.62
2024-11-26T12:55:27.284,92309.0,92335.7,92320.83,92330.62
2024-11-26T12:55:27.304,92309.0,92335.7,92320.83,92330.62
2024-11-26T12:55:27.324,92308.8,92335.7,92320.63,92330.61
2024-11-26T12:55:27.344,92308.8,92335.7,92320.63,92330.72
2024-11-26T12:55:27.364,92309.5,92335.7,92320.75,92330.72
2024-11-26T12:55:27.384,92309.6,92335.7,92320.61,92330.72
2024-11-26T12:55:27.404,92309.6,92335.7,92320.62,92330.72
2024-11-26T12:55:27.424,92309.7,92335.7,92320.64,92330.72
2024-11-26T12:55:27.444,92309.8,92335.7,92320.83,92330.72
2024-11-26T12:55:27.464,92310.4,92335.7,92320.445,92330.72
2024-11-26T12:55:27.484,92310.6,92335.7,92320.45,92330.72
2024-11-26T12:55:27.504,92312.2,92335.7,92321.64,92330.72
2024-11-26T12:55:27.524,92312.0,92336.1,92321.42,92332.875
2024-11-26T12:55:27.544,92311.9,92336.1,92321.35,92332.875
2024-11-26T12:55:27.564,92311.4,92336.1,92320.3,92332.875
2024-11-26T12:55:27.584,92311.4,92336.1,92320.3,92332.89
2024-11-26T12:55:27.604,92311.4,92336.1,92320.3,92332.89
2024-11-26T12:55:27.624,92311.8,92336.1,92320.36,92332.9
2024-11-26T12:55:27.644,92311.8,92336.1,92320.36,92332.9
2024-11-26T12:55:27.684,92311.8,92336.6,92320.36,92333.42
2024-11-26T12:55:27.704,92311.8,92336.5,92320.375,92333.516
2024-11-26T12:55:27.724,92311.8,92336.6,92320.375,92333.41
2024-11-26T12:55:27.744,92311.8,92336.5,92320.375,92333.48
2024-11-26T12:55:27.764,92312.3,92336.4,92321.52,92333.5
2024-11-26T12:55:27.784,92313.7,92338.2,92325.49,92335.195
2024-11-26T12:55:27.804,92314.1,92337.8,92323.25,92335.0
2024-11-26T12:55:27.824,92313.9,92337.9,92322.98,92335.06
2024-11-26T12:55:27.844,92313.9,92337.8,92322.29,92335.164
2024-11-26T12:55:27.864,92313.7,92338.2,92322.13,92335.01
2024-11-26T12:55:27.884,92313.4,92338.2,92322.164,92334.836
2024-11-26T12:55:27.904,92313.3,92338.3,92321.91,92334.07
2024-11-26T12:55:27.924,92313.3,92338.4,92321.91,92334.71
2024-11-26T12:55:27.944,92313.2,92338.4,92321.83,92334.91
2024-11-26T12:55:27.964,92313.2,92338.4,92321.83,92334.94
2024-11-26T12:55:28.004,92313.2,92338.3,92321.64,92334.59
2024-11-26T12:55:28.024,92313.3,92338.3,92321.73,92334.56
2024-11-26T12:55:28.044,92313.3,92338.3,92321.57,92334.56
2024-11-26T12:55:28.064,92313.3,92338.3,92321.58,92334.56
2024-11-26T12:55:28.084,92313.3,92338.3,92321.58,92334.6
2024-11-26T12:55:28.104,92313.4,92338.3,92321.62,92334.63
2024-11-26T12:55:28.124,92313.4,92338.3,92321.67,92334.63
2024-11-26T12:55:28.144,92313.5,92338.3,92321.69,92334.63
2024-11-26T12:55:28.164,92313.5,92338.4,92321.69,92335.04
2024-11-26T12:55:28.204,92313.5,92338.4,92321.69,92335.05
2024-11-26T12:55:28.224,92313.6,92338.4,92321.71,92335.05
2024-11-26T12:55:28.244,92313.6,92338.4,92321.7,92335.05
2024-11-26T12:55:28.284,92313.6,92338.4,92321.7,92335.06
2024-11-26T12:55:28.304,92313.5,92338.4,92321.75,92335.06
2024-11-26T12:55:28.324,92313.4,92338.6,92321.73,92335.04
2024-11-26T12:55:28.344,92313.4,92338.6,92321.73,92335.125
2024-11-26T12:55:28.364,92313.4,92338.6,92321.73,92335.07
2024-11-26T12:55:28.384,92313.4,92338.6,92321.73,92335.08
2024-11-26T12:55:28.404,92313.6,92338.7,92321.88,92335.17
2024-11-26T12:55:28.424,92315.7,92339.6,92327.336,92335.445
2024-11-26T12:55:28.444,92315.8,92339.7,92325.99,92335.28
2024-11-26T12:55:28.464,92315.7,92339.7,92325.38,92335.25
2024-11-26T12:55:28.484,92315.6,92339.7,92325.266,92335.25
2024-11-26T12:55:28.504,92315.8,92339.7,92324.766,92335.45
2024-11-26T12:55:28.524,92315.8,92339.7,92324.65,92335.45
2024-11-26T12:55:28.544,92315.8,92339.7,92324.49,92335.42
2024-11-26T12:55:28.564,92315.7,92339.7,92324.48,92335.49
2024-11-26T12:55:28.584,92317.1,92339.8,92325.48,92335.33
2024-11-26T12:55:28.604,92317.0,92339.8,92325.02,92335.2
2024-11-26T12:55:28.624,92317.1,92339.7,92325.016,92335.336
2024-11-26T12:55:28.644,92317.1,92339.7,92325.016,92334.76
2024-11-26T12:55:28.664,92317.1,92339.7,92324.984,92334.8
2024-11-26T12:55:28.704,92317.3,92339.7,92325.02,92334.8
2024-11-26T12:55:28.724,92317.3,92339.7,92325.03,92334.875
2024-11-26T12:55:28.744,92317.3,92339.7,92324.945,92334.875
2024-11-26T12:55:28.764,92317.5,92339.7,92324.875,92334.875
2024-11-26T12:55:28.784,92317.7,92339.7,92324.945,92334.88
2024-11-26T12:55:28.804,92317.5,92341.0,92324.96,92338.55
2024-11-26T12:55:28.824,92317.5,92341.0,92324.99,92339.33
2024-11-26T12:55:28.844,92317.5,92341.0,92324.99,92339.195
2024-11-26T12:55:28.864,92317.5,92341.7,92325.01,92339.36
2024-11-26T12:55:28.884,92317.6,92341.4,92325.016,92339.65
2024-11-26T12:55:28.904,92320.3,92344.4,92330.516,92341.49
2024-11-26T12:55:28.924,92319.6,92344.5,92328.97,92341.49
2024-11-26T12:55:28.944,92319.3,92344.7,92327.97,92342.11
2024-11-26T12:55:28.964,92319.2,92344.7,92327.72,92342.14
2024-11-26T12:55:28.984,92319.2,92344.8,92327.73,92342.234
2024-11-26T12:55:29.004,92319.3,92344.8,92327.72,92342.17
2024-11-26T12:55:29.024,92320.3,92345.9,92331.8,92343.57
2024-11-26T12:55:29.044,92320.1,92345.4,92329.69,92341.9
2024-11-26T12:55:29.064,92319.6,92346.6,92330.46,92342.98
2024-11-26T12:55:29.084,92318.7,92346.3,92330.31,92342.18
2024-11-26T12:55:29.104,92319.3,92346.3,92329.29,92342.336
2024-11-26T12:55:29.124,92319.5,92346.6,92329.24,92342.7
2024-11-26T12:55:29.145,92319.7,92346.7,92329.375,92343.016
2024-11-26T12:55:29.164,92319.8,92346.6,92329.27,92343.09
2024-11-26T12:55:29.185,92319.8,92346.6,92329.266,92343.09
2024-11-26T12:55:29.204,92320.7,92346.8,92332.74,92344.04
2024-11-26T12:55:29.224,92320.6,92346.8,92331.96,92344.08
2024-11-26T12:55:29.264,92322.8,92347.8,92337.2,92344.695
2024-11-26T12:55:29.284,92322.7,92348.1,92333.09,92344.695
2024-11-26T12:55:29.304,92322.8,92348.1,92334.336,92343.06
2024-11-26T12:55:29.324,92322.7,92348.1,92334.875,92343.08
2024-11-26T12:55:29.345,92322.7,92348.1,92334.875,92343.08
2024-11-26T12:55:29.364,92322.4,92348.1,92334.39,92343.05
2024-11-26T12:55:29.384,92322.0,92347.9,92330.53,92343.02
2024-11-26T12:55:29.404,92322.4,92347.8,92331.36,92341.76
2024-11-26T12:55:29.424,92322.4,92347.8,92331.22,92341.84
2024-11-26T12:55:29.444,92322.4,92347.8,92331.21,92342.08
2024-11-26T12:55:29.464,92321.9,92347.6,92330.21,92340.61
2024-11-26T12:55:29.484,92322.0,92347.5,92330.734,92341.38
2024-11-26T12:55:29.504,92322.4,92347.5,92330.83,92343.1
2024-11-26T12:55:29.524,92322.0,92347.4,92330.84,92342.64
2024-11-26T12:55:29.544,92321.9,92347.5,92330.79,92342.914
2024-11-26T12:55:29.564,92321.9,92347.5,92330.79,92343.14
2024-11-26T12:55:29.584,92321.9,92347.4,92332.375,92343.32
2024-11-26T12:55:29.604,92321.6,92347.4,92330.695,92343.86
2024-11-26T12:55:29.624,92321.9,92347.5,92330.78,92343.95
2024-11-26T12:55:29.644,92321.9,92347.6,92330.86,92344.17
2024-11-26T12:55:29.664,92321.9,92347.6,92330.86,92344.51
2024-11-26T12:55:29.704,92322.0,92347.8,92333.48,92344.81
2024-11-26T12:55:29.724,92322.7,92347.9,92331.5,92345.0
2024-11-26T12:55:29.744,92322.8,92347.9,92331.73,92344.94
2024-11-26T12:55:29.764,92323.2,92347.8,92331.44,92344.836
2024-11-26T12:55:29.784,92323.1,92348.0,92331.414,92345.15
2024-11-26T12:55:29.804,92323.2,92347.9,92331.42,92345.24
2024-11-26T12:55:29.824,92323.2,92347.8,92331.484,92345.16
2024-11-26T12:55:29.844,92323.1,92347.9,92331.48,92345.445
2024-11-26T12:55:29.864,92323.0,92348.0,92331.41,92345.49
2024-11-26T12:55:29.884,92323.0,92348.0,92331.36,92345.49
2024-11-26T12:55:29.904,92322.9,92347.9,92331.05,92345.35
2024-11-26T12:55:29.924,92323.0,92347.9,92331.28,92345.23
2024-11-26T12:55:29.944,92323.0,92347.9,92331.414,92345.23
2024-11-26T12:55:29.984,92322.9,92347.9,92331.12,92345.23
2024-11-26T12:55:30.004,92322.9,92347.8,92331.12,92345.19
2024-11-26T12:55:30.024,92323.3,92348.5,92334.836,92345.664
2024-11-26T12:55:30.044,92324.0,92348.7,92331.19,92345.68
2024-11-26T12:55:30.064,92325.6,92349.0,92338.3,92345.69
2024-11-26T12:55:30.084,92324.9,92349.0,92336.41,92345.695
2024-11-26T12:55:30.105,92324.8,92349.0,92336.11,92345.695
2024-11-26T12:55:30.124,92324.2,92349.0,92336.12,92345.68
2024-11-26T12:55:30.144,92324.2,92349.0,92336.08,92345.68
2024-11-26T12:55:30.164,92324.2,92349.0,92335.64,92345.68
2024-11-26T12:55:30.185,92323.2,92349.0,92331.555,92345.555
2024-11-26T12:55:30.204,92322.7,92348.4,92329.96,92343.05
2024-11-26T12:55:30.224,92322.4,92348.5,92330.125,92343.8
2024-11-26T12:55:30.244,92321.9,92348.5,92329.76,92343.85
2024-11-26T12:55:30.264,92321.9,92348.7,92329.76,92343.9
2024-11-26T12:55:30.284,92321.5,92348.5,92329.234,92343.89
2024-11-26T12:55:30.304,92320.8,92347.7,92328.945,92341.766
2024-11-26T12:55:30.324,92320.7,92347.6,92328.734,92341.76
2024-11-26T12:55:30.344,92320.7,92347.7,92328.914,92342.02
2024-11-26T12:55:30.364,92320.7,92347.7,92328.89,92341.875
2024-11-26T12:55:30.384,92320.8,92347.7,92329.336,92341.87
2024-11-26T12:55:30.404,92320.8,92347.6,92329.38,92341.11
2024-11-26T12:55:30.424,92320.8,92347.5,92330.27,92341.695
2024-11-26T12:55:30.444,92321.5,92347.6,92331.2,92342.125
2024-11-26T12:55:30.464,92321.5,92347.7,92331.41,92343.01
2024-11-26T12:55:30.484,92321.6,92347.8,92331.34,92343.586
2024-11-26T12:55:30.504,92321.5,92348.1,92331.32,92344.7
2024-11-26T12:55:30.524,92322.0,92348.3,92334.94,92345.2
2024-11-26T12:55:30.544,92323.1,92348.3,92335.78,92344.88
2024-11-26T12:55:30.565,92322.8,92348.7,92331.79,92344.87
2024-11-26T12:55:30.584,92321.9,92348.7,92330.625,92344.38
2024-11-26T12:55:30.604,92321.9,92348.7,92328.79,92344.15
2024-11-26T12:55:30.624,92321.6,92348.7,92327.61,92344.055
2024-11-26T12:55:30.644,92321.5,92348.7,92327.34,92344.055
2024-11-26T12:55:30.664,92321.5,92348.7,92327.34,92344.055
2024-11-26T12:55:30.684,92321.9,92348.7,92328.63,92344.055
2024-11-26T12:55:30.704,92321.9,92348.5,92328.63,92344.05
2024-11-26T12:55:30.724,92321.9,92348.5,92328.66,92344.05
2024-11-26T12:55:30.744,92322.0,92348.5,92328.75,92344.06
2024-11-26T12:55:30.764,92321.6,92348.0,92330.43,92340.89
2024-11-26T12:55:30.784,92321.9,92348.2,92330.46,92341.35
2024-11-26T12:55:30.804,92321.9,92348.0,92330.46,92341.56
2024-11-26T12:55:30.824,92321.9,92348.0,92330.45,92342.25
2024-11-26T12:55:30.844,92321.9,92347.9,92330.43,92342.234
2024-11-26T12:55:30.864,92321.9,92347.9,92330.43,92342.234
2024-11-26T12:55:30.884,92321.9,92348.0,92332.375,92342.55
2024-11-26T12:55:30.904,92322.0,92348.3,92331.53,92343.52
2024-11-26T12:55:30.924,92322.4,92348.3,92331.67,92344.41
2024-11-26T12:55:30.944,92322.0,92348.3,92331.57,92344.516
2024-11-26T12:55:30.964,92322.4,92348.4,92331.57,92345.92
2024-11-26T12:55:30.984,92322.4,92348.5,92331.57,92346.016
2024-11-26T12:55:31.004,92322.7,92348.4,92331.586,92345.57
2024-11-26T12:55:31.024,92323.0,92348.5,92331.74,92345.555
2024-11-26T12:55:31.044,92323.0,92348.5,92331.74,92345.79
2024-11-26T12:55:31.064,92323.0,92348.4,92331.63,92345.81
2024-11-26T12:55:31.084,92323.0,92348.7,92332.43,92345.805
2024-11-26T12:55:31.104,92323.0,92348.5,92332.11,92345.625
2024-11-26T12:55:31.124,92323.0,92348.4,92332.11,92345.516
2024-11-26T12:55:31.144,92323.0,92348.4,92332.11,92345.516
2024-11-26T12:55:31.164,92322.8,92348.4,92332.09,92345.516
2024-11-26T12:55:31.204,92322.8,92348.4,92332.13,92345.516
2024-11-26T12:55:31.224,92322.7,92348.4,92331.92,92345.516
2024-11-26T12:55:31.264,92322.7,92348.4,92331.914,92345.516
2024-11-26T12:55:31.284,92322.7,92348.4,92331.85,92345.51
2024-11-26T12:55:31.304,92322.7,92348.4,92331.85,92345.45
2024-11-26T12:55:31.324,92322.4,92348.4,92331.97,92345.47
2024-11-26T12:55:31.344,92322.8,92348.7,92336.305,92345.71
2024-11-26T12:55:31.364,92324.0,92348.7,92336.46,92345.555
2024-11-26T12:55:31.384,92324.0,92348.7,92335.01,92345.555
2024-11-26T12:55:31.404,92324.0,92348.8,92335.05,92344.74
2024-11-26T12:55:31.425,92323.8,92348.8,92334.49,92344.41
2024-11-26T12:55:31.444,92324.2,92348.8,92334.56,92344.41
2024-11-26T12:55:31.465,92324.0,92348.8,92334.66,92344.41
2024-11-26T12:55:31.484,92324.0,92348.8,92334.08,92344.41
2024-11-26T12:55:31.524,92324.0,92348.8,92334.16,92344.56
2024-11-26T12:55:31.544,92324.0,92348.8,92333.29,92344.65
2024-11-26T12:55:31.584,92324.0,92348.8,92333.29,92344.65
2024-11-26T12:55:31.604,92324.2,92348.9,92333.58,92345.44
2024-11-26T12:55:31.624,92324.0,92349.1,92333.41,92345.49
2024-11-26T12:55:31.645,92324.0,92349.0,92333.41,92345.65
2024-11-26T12:55:31.684,92324.2,92349.0,92333.49,92345.65
2024-11-26T12:55:31.704,92324.2,92349.0,92333.44,92345.6
2024-11-26T12:55:31.724,92324.2,92349.0,92333.484,92345.1
2024-11-26T12:55:31.744,92324.2,92349.0,92333.234,92344.82
2024-11-26T12:55:31.764,92324.2,92349.0,92333.766,92345.055
2024-11-26T12:55:31.785,92324.2,92349.0,92333.766,92345.42
2024-11-26T12:55:31.824,92324.0,92349.0,92333.555,92345.41
2024-11-26T12:55:31.844,92324.2,92349.0,92332.65,92345.46
2024-11-26T12:55:31.864,92324.2,92349.0,92334.33,92344.84
2024-11-26T12:55:31.904,92324.2,92349.0,92334.27,92344.84
2024-11-26T12:55:31.924,92325.1,92348.9,92334.984,92344.65
2024-11-26T12:55:31.944,92325.1,92348.9,92334.57,92344.586
2024-11-26T12:55:31.964,92325.1,92348.9,92334.14,92344.586
2024-11-26T12:55:31.984,92324.9,92348.9,92330.89,92344.586
2024-11-26T12:55:32.004,92324.0,92348.5,92329.336,92342.04
2024-11-26T12:55:32.024,92323.0,92348.7,92331.45,92342.336
2024-11-26T12:55:32.044,92323.1,92348.7,92332.1,92342.61
2024-11-26T12:55:32.064,92323.0,92348.7,92331.39,92342.61
2024-11-26T12:55:32.084,92323.0,92348.5,92331.38,92342.63
2024-11-26T12:55:32.104,92323.0,92348.5,92331.33,92342.63
2024-11-26T12:55:32.124,92323.0,92348.3,92330.86,92342.625
2024-11-26T12:55:32.224,92322.8,92348.3,92330.81,92342.625
2024-11-26T12:55:32.284,92323.0,92348.3,92330.88,92342.625
2024-11-26T12:55:32.304,92323.0,92348.5,92330.88,92342.6
2024-11-26T12:55:32.324,92323.1,92348.5,92331.0,92342.6
2024-11-26T12:55:32.344,92323.1,92348.5,92331.0,92342.62
2024-11-26T12:55:32.364,92323.1,92348.5,92332.66,92342.734
2024-11-26T12:55:32.384,92323.1,92348.7,92334.53,92342.76
2024-11-26T12:55:32.404,92323.0,92348.7,92334.52,92342.875
2024-11-26T12:55:32.424,92323.1,92348.7,92335.18,92342.875
2024-11-26T12:55:32.445,92323.1,92348.7,92335.18,92342.875
2024-11-26T12:55:32.465,92323.1,92348.7,92335.18,92342.88
2024-11-26T12:55:32.484,92323.3,92348.7,92334.57,92342.86
2024-11-26T12:55:32.504,92323.0,92348.7,92334.56,92342.86
2024-11-26T12:55:32.525,92322.8,92348.7,92334.52,92342.86
2024-11-26T12:55:32.544,92323.0,92348.7,92333.734,92342.93
2024-11-26T12:55:32.564,92323.0,92348.7,92333.734,92343.01
2024-11-26T12:55:32.584,92323.0,92348.7,92334.26,92342.86
2024-11-26T12:55:32.605,92323.3,92348.7,92333.77,92342.86
2024-11-26T12:55:32.625,92323.3,92348.7,92334.61,92343.76
2024-11-26T12:55:32.645,92323.3,92348.7,92334.61,92343.96
2024-11-26T12:55:32.664,92323.3,92348.7,92334.61,92344.0
2024-11-26T12:55:32.704,92323.0,92348.7,92334.59,92344.0
2024-11-26T12:55:32.744,92322.8,92348.7,92334.57,92344.086
2024-11-26T12:55:32.764,92322.8,92348.7,92334.57,92344.48
2024-11-26T12:55:32.784,92323.4,92348.8,92332.07,92345.35
2024-11-26T12:55:32.804,92323.4,92348.8,92331.29,92345.4
2024-11-26T12:55:32.824,92323.6,92348.9,92331.33,92345.336
2024-11-26T12:55:32.844,92323.6,92348.8,92331.21,92345.555
2024-11-26T12:55:32.864,92323.6,92348.8,92331.21,92345.33
2024-11-26T12:55:32.884,92323.6,92348.8,92331.21,92345.33
2024-11-26T12:55:32.944,92323.8,92348.8,92331.22,92345.33
2024-11-26T12:55:32.984,92323.8,92348.8,92331.24,92345.35
2024-11-26T12:55:33.004,92323.9,92348.8,92331.27,92345.44
2024-11-26T12:55:33.024,92324.2,92348.8,92331.97,92345.695
2024-11-26T12:55:33.044,92324.2,92348.8,92332.01,92345.695
2024-11-26T12:55:33.084,92325.5,92349.0,92337.016,92346.234
2024-11-26T12:55:33.104,92325.5,92349.1,92336.15,92346.375
2024-11-26T12:55:33.124,92325.4,92349.1,92332.86,92346.375
2024-11-26T12:55:33.144,92325.4,92349.1,92332.84,92346.375
2024-11-26T12:55:33.164,92324.9,92349.1,92332.4,92346.375
2024-11-26T12:55:33.184,92325.2,92349.1,92332.91,92346.375
2024-11-26T12:55:33.224,92325.2,92349.1,92332.91,92346.375
2024-11-26T12:55:33.244,92325.4,92349.1,92332.91,92346.375
2024-11-26T12:55:33.264,92325.6,92349.1,92336.08,92346.375
2024-11-26T12:55:33.284,92326.1,92349.1,92336.64,92346.36
2024-11-26T12:55:33.304,92326.9,92353.2,92338.16,92350.05
2024-11-26T12:55:33.324,92327.0,92352.9,92342.18,92349.164
2024-11-26T12:55:33.344,92326.9,92352.9,92341.25,92349.055
2024-11-26T12:55:33.364,92326.8,92352.8,92341.11,92349.02
2024-11-26T12:55:33.384,92326.8,92352.8,92340.336,92348.94
2024-11-26T12:55:33.404,92327.2,92352.8,92340.67,92348.98
2024-11-26T12:55:33.424,92327.2,92352.6,92340.69,92348.94
2024-11-26T12:55:33.444,92327.0,92352.6,92340.695,92348.914
2024-11-26T12:55:33.464,92327.2,92352.6,92340.695,92348.914
2024-11-26T12:55:33.485,92327.7,92352.6,92340.71,92348.914
2024-11-26T12:55:33.504,92327.7,92352.6,92340.7,92348.9
2024-11-26T12:55:33.524,92327.7,92352.6,92340.7,92348.89
2024-11-26T12:55:33.544,92327.7,92352.6,92340.695,92348.89
2024-11-26T12:55:33.584,92327.7,92352.6,92340.7,92348.805
2024-11-26T12:55:33.604,92327.7,92352.6,92340.7,92348.68
2024-11-26T12:55:33.624,92327.7,92352.6,92340.664,92348.68
2024-11-26T12:55:33.644,92327.7,92352.6,92340.02,92348.7
2024-11-26T12:55:33.664,92327.7,92352.6,92340.02,92348.74
2024-11-26T12:55:33.704,92327.7,92352.6,92340.02,92348.76
2024-11-26T12:55:33.724,92327.7,92352.6,92340.03,92348.77
2024-11-26T12:55:33.745,92327.7,92352.6,92340.05,92348.79
2024-11-26T12:55:33.764,92327.7,92352.6,92339.805,92348.79
2024-11-26T12:55:33.784,92327.7,92352.6,92339.82,92348.76
2024-11-26T12:55:33.804,92327.7,92352.6,92338.1,92348.695
2024-11-26T12:55:33.824,92327.2,92352.6,92335.65,92348.7
2024-11-26T12:55:33.844,92327.0,92352.6,92335.67,92348.7
2024-11-26T12:55:33.864,92326.9,92352.6,92335.52,92348.7
2024-11-26T12:55:33.904,92326.9,92352.6,92335.91,92348.7
2024-11-26T12:55:33.924,92326.9,92352.5,92335.87,92348.695
2024-11-26T12:55:33.944,92326.9,92352.5,92335.805,92348.695
2024-11-26T12:55:33.964,92326.9,92352.5,92335.81,92348.695
2024-11-26T12:55:34.004,92326.9,92352.6,92335.81,92348.7
2024-11-26T12:55:34.024,92327.2,92352.5,92334.625,92348.664
2024-11-26T12:55:34.044,92325.2,92351.2,92331.555,92347.016
2024-11-26T12:55:34.064,92325.6,92351.0,92333.26,92346.98
2024-11-26T12:55:34.084,92325.2,92351.2,92332.19,92347.28
2024-11-26T12:55:34.104,92325.5,92351.2,92333.03,92347.29
2024-11-26T12:55:34.124,92325.5,92351.4,92335.85,92348.14
2024-11-26T12:55:34.144,92325.5,92351.4,92335.484,92348.15
2024-11-26T12:55:34.164,92325.2,92351.4,92335.48,92348.14
2024-11-26T12:55:34.185,92324.9,92351.4,92334.805,92348.12
2024-11-26T12:55:34.204,92324.9,92351.4,92334.805,92348.12
2024-11-26T12:55:34.224,92324.0,92351.4,92334.586,92348.12
2024-11-26T12:55:34.244,92323.9,92351.6,92333.664,92348.164
2024-11-26T12:55:34.264,92323.9,92351.6,92333.664,92348.15
2024-11-26T12:55:34.284,92323.8,92351.6,92333.67,92348.07
2024-11-26T12:55:34.304,92323.8,92351.6,92331.836,92348.07
2024-11-26T12:55:34.324,92323.6,92351.6,92331.914,92348.07
2024-11-26T12:55:34.344,92323.8,92351.6,92332.68,92348.07
2024-11-26T12:55:34.365,92323.8,92351.6,92333.01,92348.23
2024-11-26T12:55:34.384,92323.9,92351.6,92333.5,92348.2
2024-11-26T12:55:34.425,92323.9,92351.6,92333.49,92348.266
2024-11-26T12:55:34.445,92323.9,92351.6,92333.49,92348.25
2024-11-26T12:55:34.464,92323.9,92351.6,92333.49,92348.125
2024-11-26T12:55:34.504,92323.9,92351.6,92333.49,92348.125
2024-11-26T12:55:34.564,92323.9,92351.6,92333.49,92348.125
2024-11-26T12:55:34.584,92323.9,92351.6,92333.5,92348.125
2024-11-26T12:55:34.605,92323.9,92351.6,92333.48,92348.125
2024-11-26T12:55:34.625,92323.9,92351.6,92333.48,92348.266
2024-11-26T12:55:34.645,92323.9,92351.6,92333.48,92348.266
2024-11-26T12:55:34.664,92324.0,92351.6,92334.38,92348.266
2024-11-26T12:55:34.784,92324.0,92351.6,92334.38,92348.266
2024-11-26T12:55:34.824,92324.9,92351.4,92334.58,92348.25
2024-11-26T12:55:34.845,92324.9,92351.4,92334.56,92348.26
2024-11-26T12:55:34.864,92325.0,92351.4,92335.2,92348.26
2024-11-26T12:55:34.924,92325.0,92351.4,92335.2,92348.234
2024-11-26T12:55:34.944,92325.5,92351.4,92335.25,92348.234
2024-11-26T12:55:34.985,92325.5,92351.4,92335.234,92348.26
2024-11-26T12:55:35.024,92325.2,92351.4,92335.24,92348.266
2024-11-26T12:55:35.045,92325.2,92351.4,92335.24,92348.45
2024-11-26T12:55:35.065,92325.2,92351.4,92335.24,92348.48
2024-11-26T12:55:35.104,92325.2,92351.4,92335.24,92348.48
2024-11-26T12:55:35.125,92325.6,92351.4,92336.89,92348.48
2024-11-26T12:55:35.144,92325.6,92351.4,92336.89,92348.5
2024-11-26T12:55:35.164,92325.6,92351.4,92336.945,92348.52
2024-11-26T12:55:35.184,92325.6,92351.4,92336.945,92348.61
2024-11-26T12:55:35.204,92325.5,92351.4,92335.27,92348.62
2024-11-26T12:55:35.244,92325.5,92351.4,92335.27,92348.62
2024-11-26T12:55:35.284,92325.5,92351.3,92335.27,92348.586
2024-11-26T12:55:35.325,92325.5,92351.3,92335.27,92348.59
2024-11-26T12:55:35.345,92325.5,92351.4,92335.27,92348.625
2024-11-26T12:55:35.365,92325.2,92351.4,92335.27,92348.625
2024-11-26T12:55:35.404,92325.2,92351.3,92335.38,92348.57
2024-11-26T12:55:35.444,92325.2,92351.4,92335.38,92348.6
2024-11-26T12:55:35.464,92325.6,92352.0,92337.05,92348.695
2024-11-26T12:55:35.484,92325.6,92352.0,92335.57,92348.87
2024-11-26T12:55:35.504,92326.9,92352.5,92335.336,92349.12
2024-11-26T12:55:35.524,92326.9,92352.6,92335.336,92349.32
2024-11-26T12:55:35.544,92327.0,92352.7,92335.4,92349.336
2024-11-26T12:55:35.564,92327.0,92352.7,92335.41,92349.336
2024-11-26T12:55:35.584,92327.2,92352.7,92334.96,92349.66
2024-11-26T12:55:35.604,92329.0,92354.0,92336.87,92350.3
2024-11-26T12:55:35.624,92329.0,92354.0,92336.8,92350.375
2024-11-26T12:55:35.644,92329.0,92354.0,92336.8,92350.38
2024-11-26T12:55:35.704,92329.0,92353.9,92336.8,92350.336
2024-11-26T12:55:35.744,92329.0,92353.9,92336.78,92350.31
2024-11-26T12:55:35.764,92328.9,92353.9,92336.77,92350.305
2024-11-26T12:55:35.784,92328.9,92353.9,92336.77,92350.3
2024-11-26T12:55:35.804,92328.9,92353.9,92336.77,92349.984
2024-11-26T12:55:35.824,92328.9,92354.0,92336.77,92350.1
2024-11-26T12:55:35.844,92328.9,92354.0,92336.77,92350.164
2024-11-26T12:55:35.864,92328.9,92354.0,92337.52,92350.164
2024-11-26T12:55:35.884,92329.3,92354.0,92337.52,92350.164
2024-11-26T12:55:35.904,92330.2,92354.2,92338.64,92350.21
2024-11-26T12:55:35.924,92330.2,92354.2,92338.64,92350.22
2024-11-26T12:55:35.944,92330.2,92354.3,92338.64,92350.234
2024-11-26T12:55:36.004,92330.2,92354.3,92338.64,92350.266
2024-11-26T12:55:36.024,92330.4,92354.3,92338.7,92350.15
2024-11-26T12:55:36.144,92330.7,92354.3,92338.78,92350.15
2024-11-26T12:55:36.164,92330.7,92354.3,92338.79,92350.15
2024-11-26T12:55:36.244,92330.9,92354.3,92338.77,92350.13
2024-11-26T12:55:36.264,92330.7,92354.3,92338.76,92350.13
2024-11-26T12:55:36.284,92330.7,92354.2,92338.76,92350.125
2024-11-26T12:55:36.304,92330.7,92354.2,92338.76,92350.125
2024-11-26T12:55:36.324,92330.7,92354.2,92338.76,92350.125
2024-11-26T12:55:36.344,92330.7,92354.2,92338.76,92350.13
2024-11-26T12:55:36.364,92330.7,92354.1,92338.76,92350.1
2024-11-26T12:55:36.389,92330.4,92354.1,92338.67,92350.086
2024-11-26T12:55:36.404,92330.4,92353.9,92338.67,92349.91
2024-11-26T12:55:36.424,92330.4,92354.0,92338.67,92350.03
2024-11-26T12:55:36.444,92330.4,92354.1,92338.67,92350.14
2024-11-26T12:55:36.464,92330.3,92354.1,92338.625,92350.16
2024-11-26T12:55:36.484,92330.4,92354.1,92338.67,92350.16
2024-11-26T12:55:36.504,92330.4,92354.1,92338.664,92350.15
2024-11-26T12:55:36.524,92330.4,92354.0,92338.664,92350.125
2024-11-26T12:55:36.584,92330.4,92354.1,92338.67,92350.13
2024-11-26T12:55:36.604,92330.7,92354.1,92337.695,92350.14
2024-11-26T12:55:36.624,92330.7,92354.1,92337.914,92350.14
2024-11-26T12:55:36.644,92330.7,92354.0,92337.914,92350.1
2024-11-26T12:55:36.664,92330.7,92354.0,92337.914,92350.09
2024-11-26T12:55:36.704,92330.7,92354.1,92337.9,92350.14
2024-11-26T12:55:36.724,92330.7,92354.0,92337.914,92349.99
2024-11-26T12:55:36.744,92330.7,92354.0,92337.91,92349.945
2024-11-26T12:55:36.764,92330.9,92354.0,92337.92,92349.945
2024-11-26T12:55:36.784,92331.0,92354.0,92337.99,92349.945
2024-11-26T12:55:36.804,92331.0,92354.1,92338.01,92350.086
2024-11-26T12:55:36.824,92331.0,92354.1,92338.01,92350.14
2024-11-26T12:55:36.844,92331.0,92354.1,92338.03,92350.14
2024-11-26T12:55:36.864,92331.3,92354.1,92338.125,92350.14
2024-11-26T12:55:36.924,92331.6,92354.1,92338.18,92350.14
2024-11-26T12:55:36.944,92331.9,92354.2,92337.87,92350.1
2024-11-26T12:55:36.964,92331.9,92354.2,92337.875,92350.1
2024-11-26T12:55:36.984,92331.9,92354.2,92337.875,92350.09
2024-11-26T12:55:37.004,92332.1,92354.2,92338.06,92350.09
2024-11-26T12:55:37.024,92331.9,92354.1,92337.945,92350.09
2024-11-26T12:55:37.044,92331.9,92354.1,92337.84,92349.984
2024-11-26T12:55:37.064,92331.9,92354.1,92337.84,92349.94
2024-11-26T12:55:37.084,92331.9,92354.1,92337.91,92349.94
2024-11-26T12:55:37.104,92331.9,92354.1,92337.91,92350.05
2024-11-26T12:55:37.124,92331.9,92354.2,92337.91,92350.09
2024-11-26T12:55:37.144,92331.9,92354.2,92337.91,92350.086
2024-11-26T12:55:37.164,92331.9,92354.2,92337.914,92350.086
2024-11-26T12:55:37.204,92332.0,92354.1,92337.945,92349.98
2024-11-26T12:55:37.224,92332.0,92354.2,92337.945,92350.03
2024-11-26T12:55:37.244,92332.0,92354.2,92337.96,92350.086
2024-11-26T12:55:37.264,92332.0,92354.2,92337.96,92350.12
2024-11-26T12:55:37.304,92332.0,92354.2,92337.92,92350.12
2024-11-26T12:55:37.324,92332.0,92354.2,92337.93,92350.12
2024-11-26T12:55:37.344,92332.0,92354.2,92337.92,92350.12
2024-11-26T12:55:37.384,92332.0,92354.2,92338.02,92350.12
2024-11-26T12:55:37.404,92332.0,92354.1,92338.06,92350.0
2024-11-26T12:55:37.424,92332.0,92354.2,92338.06,92350.06
2024-11-26T12:55:37.444,92332.0,92354.8,92338.06,92351.26
2024-11-26T12:55:37.464,92332.8,92355.3,92342.29,92351.55
2024-11-26T12:55:37.484,92332.7,92355.3,92342.27,92351.125
2024-11-26T12:55:37.504,92332.6,92355.1,92342.17,92350.75
2024-11-26T12:55:37.524,92332.6,92355.3,92342.17,92350.836
2024-11-26T12:55:37.544,92333.1,92355.6,92343.734,92350.96
2024-11-26T12:55:37.564,92337.0,92357.4,92346.03,92351.625
2024-11-26T12:55:37.584,92338.5,92360.1,92347.766,92353.51
2024-11-26T12:55:37.604,92338.3,92360.1,92345.32,92352.72
2024-11-26T12:55:37.624,92337.9,92361.7,92344.8,92353.69
2024-11-26T12:55:37.644,92338.0,92362.2,92344.484,92355.66
2024-11-26T12:55:37.664,92338.2,92362.4,92344.875,92356.07
2024-11-26T12:55:37.684,92338.3,92362.3,92344.7,92356.375
2024-11-26T12:55:37.704,92338.4,92362.4,92345.47,92356.67
2024-11-26T12:55:37.724,92338.4,92362.4,92345.51,92356.41
2024-11-26T12:55:37.744,92338.5,92362.4,92345.55,92356.39
2024-11-26T12:55:37.785,92338.5,92362.3,92345.55,92356.375
2024-11-26T12:55:37.804,92338.9,92362.3,92345.5,92356.39
2024-11-26T12:55:37.824,92338.9,92362.3,92345.49,92356.39
2024-11-26T12:55:37.845,92338.9,92362.3,92345.49,92356.38
2024-11-26T12:55:37.864,92338.9,92362.3,92345.445,92356.38
2024-11-26T12:55:37.884,92338.9,92362.2,92345.445,92356.086
2024-11-26T12:55:37.904,92338.9,92362.2,92345.38,92356.086
2024-11-26T12:55:37.944,92338.4,92362.2,92345.31,92356.086
2024-11-26T12:55:37.964,92338.4,92362.2,92345.305,92356.086
2024-11-26T12:55:37.985,92338.3,92362.2,92344.664,92356.086
2024-11-26T12:55:38.004,92338.3,92362.2,92344.65,92356.086
2024-11-26T12:55:38.044,92338.3,92362.2,92344.586,92356.086
2024-11-26T12:55:38.064,92338.2,92362.2,92344.51,92356.086
2024-11-26T12:55:38.085,92338.2,92362.2,92345.64,92356.1
2024-11-26T12:55:38.145,92338.5,92362.2,92345.71,92356.1
2024-11-26T12:55:38.164,92338.8,92362.2,92345.734,92356.1
2024-11-26T12:55:38.225,92338.8,92362.2,92345.734,92356.1
2024-11-26T12:55:38.304,92338.8,92362.2,92345.83,92356.08
2024-11-26T12:55:38.325,92338.8,92362.2,92345.84,92356.08
2024-11-26T12:55:38.365,92338.8,92362.2,92345.84,92356.086
2024-11-26T12:55:38.404,92338.8,92362.2,92345.836,92356.086
2024-11-26T12:55:38.444,92338.9,92362.2,92345.914,92356.086
2024-11-26T12:55:38.464,92338.8,92362.2,92345.86,92356.086
2024-11-26T12:55:38.484,92338.8,92362.2,92345.86,92356.086
2024-11-26T12:55:38.504,92338.8,92362.2,92345.85,92356.086
2024-11-26T12:55:38.524,92338.8,92362.2,92345.83,92356.086
2024-11-26T12:55:38.545,92338.8,92362.2,92345.83,92356.08
2024-11-26T12:55:38.564,92338.8,92362.2,92345.85,92356.08
2024-11-26T12:55:38.584,92338.9,92362.2,92345.99,92356.08
2024-11-26T12:55:38.604,92339.6,92361.9,92345.59,92356.04
2024-11-26T12:55:38.624,92339.6,92361.9,92345.83,92356.04
2024-11-26T12:55:38.644,92339.8,92361.9,92345.234,92356.03
2024-11-26T12:55:38.664,92339.9,92362.2,92345.3,92356.08
2024-11-26T12:55:38.685,92339.9,92362.2,92345.3,92356.07
2024-11-26T12:55:38.704,92339.9,92362.2,92345.22,92356.055
2024-11-26T12:55:38.725,92339.9,92362.2,92345.22,92356.055
2024-11-26T12:55:38.745,92339.7,92362.2,92345.19,92356.055
2024-11-26T12:55:38.764,92339.6,92361.9,92345.18,92356.0
2024-11-26T12:55:38.784,92339.6,92361.9,92345.17,92356.0
2024-11-26T12:55:38.824,92339.6,92361.9,92345.22,92356.0
2024-11-26T12:55:38.884,92339.6,92361.9,92343.914,92356.0
2024-11-26T12:55:38.944,92339.6,92361.9,92343.914,92356.0
2024-11-26T12:55:38.964,92339.6,92361.9,92343.9,92356.0
2024-11-26T12:55:38.984,92339.6,92361.8,92343.9,92356.01
2024-11-26T12:55:39.004,92339.6,92361.8,92343.83,92356.01
2024-11-26T12:55:39.024,92339.6,92361.8,92343.82,92356.01
2024-11-26T12:55:39.064,92339.6,92361.8,92343.91,92355.97
2024-11-26T12:55:39.085,92339.6,92361.8,92343.945,92355.8
2024-11-26T12:55:39.104,92339.6,92361.8,92343.95,92355.8
2024-11-26T12:55:39.124,92339.6,92361.8,92343.875,92355.78
2024-11-26T12:55:39.144,92339.6,92361.8,92343.914,92355.78
2024-11-26T12:55:39.164,92339.6,92361.8,92343.92,92355.78
2024-11-26T12:55:39.184,92339.5,92362.3,92344.03,92355.37
2024-11-26T12:55:39.204,92339.0,92362.4,92344.16,92355.44
2024-11-26T12:55:39.224,92339.0,92362.4,92344.18,92355.44
2024-11-26T12:55:39.244,92339.0,92362.4,92344.18,92355.48
2024-11-26T12:55:39.264,92339.0,92362.4,92344.164,92355.48
2024-11-26T12:55:39.284,92339.0,92362.4,92344.125,92355.48
2024-11-26T12:55:39.304,92339.2,92362.4,92344.14,92355.48
2024-11-26T12:55:39.324,92339.2,92362.3,92344.13,92355.44
2024-11-26T12:55:39.364,92339.2,92362.3,92344.13,92355.44
2024-11-26T12:55:39.404,92339.2,92362.3,92343.984,92355.51
2024-11-26T12:55:39.424,92339.2,92362.3,92343.984,92355.52
2024-11-26T12:55:39.444,92339.2,92362.3,92344.29,92355.52
2024-11-26T12:55:39.464,92339.2,92362.3,92344.28,92355.52
2024-11-26T12:55:39.485,92339.2,92362.4,92344.27,92355.54
2024-11-26T12:55:39.524,92339.2,92362.4,92344.27,92355.55
2024-11-26T12:55:39.544,92339.2,92362.4,92344.25,92355.55
2024-11-26T12:55:39.564,92339.2,92362.4,92344.22,92355.55
2024-11-26T12:55:39.585,92339.2,92362.4,92344.08,92355.77
2024-11-26T12:55:39.605,92339.2,92362.4,92344.08,92355.805
2024-11-26T12:55:39.704,92339.5,92362.4,92344.09,92355.766
2024-11-26T12:55:39.724,92339.2,92362.4,92344.08,92355.766
2024-11-26T12:55:39.744,92339.0,92362.4,92344.19,92355.76
2024-11-26T12:55:39.764,92338.9,92362.3,92344.305,92355.71
2024-11-26T12:55:39.784,92338.9,92362.3,92344.3,92355.71
2024-11-26T12:55:39.844,92339.2,92362.3,92344.19,92355.71
2024-11-26T12:55:39.864,92339.5,92362.3,92344.22,92355.71
2024-11-26T12:55:39.884,92339.5,92362.3,92344.23,92355.71
2024-11-26T12:55:39.904,92339.5,92362.3,92344.23,92355.734
2024-11-26T12:55:39.944,92339.0,92362.3,92344.195,92355.734
2024-11-26T12:55:39.964,92338.9,92362.3,92344.195,92355.734
2024-11-26T12:55:40.044,92339.0,92362.3,92344.195,92355.734
2024-11-26T12:55:40.064,92339.0,92362.4,92344.04,92355.75
2024-11-26T12:55:40.085,92339.0,92362.4,92344.01,92355.75
2024-11-26T12:55:40.104,92339.0,92362.3,92343.41,92355.72
2024-11-26T12:55:40.124,92339.0,92362.2,92343.74,92355.52
2024-11-26T12:55:40.145,92339.0,92362.2,92343.74,92355.52
2024-11-26T12:55:40.164,92339.0,92362.2,92343.74,92355.52
2024-11-26T12:55:40.185,92339.2,92362.2,92343.74,92355.52
2024-11-26T12:55:40.225,92339.2,92362.2,92343.74,92355.52
2024-11-26T12:55:40.245,92339.2,92362.2,92343.74,92355.54
2024-11-26T12:55:40.284,92339.0,92362.2,92343.74,92355.54
2024-11-26T12:55:40.304,92339.0,92362.2,92343.74,92355.54
2024-11-26T12:55:40.324,92339.2,92362.2,92343.74,92355.44
2024-11-26T12:55:40.344,92339.2,92362.2,92343.734,92355.44
2024-11-26T12:55:40.384,92339.2,92362.2,92343.734,92355.07
2024-11-26T12:55:40.404,92339.2,92362.2,92343.164,92354.86
2024-11-26T12:55:40.424,92339.5,92361.7,92343.016,92354.87
2024-11-26T12:55:40.444,92338.9,92361.8,92342.12,92352.05
2024-11-26T12:55:40.464,92338.9,92361.8,92342.11,92352.48
2024-11-26T12:55:40.484,92338.9,92361.8,92342.16,92352.05
2024-11-26T12:55:40.504,92338.9,92361.8,92342.16,92352.055
2024-11-26T12:55:40.524,92338.9,92361.8,92342.16,92352.26
2024-11-26T12:55:40.544,92339.2,92361.8,92342.26,92352.305
2024-11-26T12:55:40.564,92339.5,92361.7,92342.28,92351.92
2024-11-26T12:55:40.584,92339.5,92361.7,92342.28,92351.92
2024-11-26T12:55:40.604,92339.5,92361.8,92342.28,92352.305
2024-11-26T12:55:40.664,92339.5,92361.8,92342.27,92352.305
2024-11-26T12:55:40.684,92339.5,92361.8,92342.27,92352.3
2024-11-26T12:55:40.724,92339.2,92361.8,92342.23,92352.3
2024-11-26T12:55:40.744,92339.2,92361.8,92342.23,92352.305
2024-11-26T12:55:40.764,92339.0,92361.8,92342.234,92352.305
2024-11-26T12:55:40.784,92339.0,92361.8,92342.234,92352.3
2024-11-26T12:55:40.804,92339.0,92361.8,92342.234,92352.29
2024-11-26T12:55:40.824,92339.2,92361.8,92342.24,92352.29
2024-11-26T12:55:40.844,92339.2,92361.8,92342.24,92352.4
2024-11-26T12:55:40.864,92340.4,92363.0,92345.52,92355.65
2024-11-26T12:55:40.884,92340.0,92363.1,92345.44,92355.734
2024-11-26T12:55:40.904,92340.0,92363.1,92345.39,92355.77
2024-11-26T12:55:40.944,92340.0,92363.5,92345.38,92354.29
2024-11-26T12:55:40.964,92340.4,92363.6,92345.41,92353.87
2024-11-26T12:55:40.984,92340.4,92363.8,92345.41,92353.875
2024-11-26T12:55:41.004,92340.4,92363.8,92345.41,92353.86
2024-11-26T12:55:41.024,92340.4,92363.8,92345.41,92353.88
2024-11-26T12:55:41.064,92340.4,92363.8,92345.36,92353.88
2024-11-26T12:55:41.084,92340.4,92363.8,92345.36,92353.92
2024-11-26T12:55:41.104,92340.4,92363.8,92345.36,92353.92
2024-11-26T12:55:41.164,92340.4,92363.8,92345.37,92353.92
2024-11-26T12:55:41.184,92340.4,92363.8,92345.37,92353.92
2024-11-26T12:55:41.224,92340.4,92363.8,92345.37,92353.57
2024-11-26T12:55:41.245,92340.4,92363.8,92345.37,92353.59
2024-11-26T12:55:41.264,92340.2,92363.8,92345.336,92353.59
2024-11-26T12:55:41.284,92340.2,92363.8,92345.34,92353.67
2024-11-26T12:55:41.304,92340.2,92363.6,92345.34,92353.71
2024-11-26T12:55:41.344,92340.6,92363.6,92345.8,92353.8
2024-11-26T12:55:41.365,92340.6,92363.6,92345.77,92353.8
2024-11-26T12:55:41.424,92340.4,92363.6,92345.414,92353.805
2024-11-26T12:55:41.465,92340.4,92363.8,92345.414,92353.836
2024-11-26T12:55:41.504,92340.4,92363.8,92345.414,92353.836
2024-11-26T12:55:41.525,92340.4,92363.8,92345.414,92353.766
2024-11-26T12:55:41.544,92340.4,92363.8,92345.414,92353.766
2024-11-26T12:55:41.564,92340.4,92363.6,92345.4,92353.78
2024-11-26T12:55:41.584,92340.6,92363.6,92345.67,92353.79
2024-11-26T12:55:41.604,92340.2,92363.6,92345.58,92353.76
2024-11-26T12:55:41.624,92340.2,92363.5,92345.58,92353.8
2024-11-26T12:55:41.645,92340.2,92363.5,92345.83,92353.82
2024-11-26T12:55:41.665,92340.2,92363.6,92345.83,92353.79
2024-11-26T12:55:41.684,92340.2,92363.1,92345.81,92354.58
2024-11-26T12:55:41.704,92340.0,92363.1,92345.766,92354.58
2024-11-26T12:55:41.745,92340.0,92363.0,92345.76,92354.516
2024-11-26T12:55:41.764,92340.0,92363.0,92345.49,92354.516
2024-11-26T12:55:41.784,92340.2,92363.0,92345.53,92354.516
2024-11-26T12:55:41.805,92340.0,92363.0,92345.49,92354.516
2024-11-26T12:55:41.824,92340.2,92363.0,92345.52,92354.516
2024-11-26T12:55:41.844,92339.9,92363.0,92345.05,92354.516
2024-11-26T12:55:41.864,92339.9,92363.0,92345.02,92354.516
2024-11-26T12:55:41.884,92339.7,92363.0,92345.03,92354.164
2024-11-26T12:55:41.904,92339.7,92363.0,92343.71,92354.086
2024-11-26T12:55:41.924,92339.5,92362.5,92342.05,92353.875
2024-11-26T12:55:41.944,92339.9,92362.5,92342.17,92353.86
2024-11-26T12:55:41.964,92339.9,92362.5,92342.02,92353.86
2024-11-26T12:55:42.004,92339.9,92362.5,92342.02,92354.055
2024-11-26T12:55:42.024,92339.9,92362.5,92342.016,92354.055
2024-11-26T12:55:42.064,92339.9,92362.5,92342.016,92354.055
2024-11-26T12:55:42.104,92339.9,92362.5,92342.02,92354.04
2024-11-26T12:55:42.124,92340.0,92362.4,92342.18,92353.57
2024-11-26T12:55:42.144,92340.0,92362.4,92342.18,92353.57
2024-11-26T12:55:42.164,92340.0,92362.4,92342.03,92353.56
2024-11-26T12:55:42.204,92340.0,92362.4,92342.055,92353.56
2024-11-26T12:55:42.224,92340.0,92362.5,92342.055,92354.04
2024-11-26T12:55:42.244,92339.0,92362.3,92342.03,92354.95
2024-11-26T12:55:42.264,92338.5,92362.3,92341.95,92354.97
2024-11-26T12:55:42.284,92338.3,92362.3,92341.88,92354.51
2024-11-26T12:55:42.304,92339.8,92362.3,92342.08,92354.49
2024-11-26T12:55:42.324,92340.0,92362.2,92342.06,92353.93
2024-11-26T12:55:42.344,92340.0,92362.0,92342.06,92352.984
2024-11-26T12:55:42.364,92340.1,92362.0,92342.14,92352.984
2024-11-26T12:55:42.384,92340.4,92362.0,92342.14,92353.48
2024-11-26T12:55:42.404,92340.4,92361.6,92342.14,92353.47
2024-11-26T12:55:42.424,92340.4,92361.7,92342.16,92353.516
2024-11-26T12:55:42.444,92340.0,92361.7,92342.125,92353.516
2024-11-26T12:55:42.464,92340.0,92361.7,92342.13,92353.516
2024-11-26T12:55:42.484,92340.1,92361.7,92342.19,92353.516
2024-11-26T12:55:42.524,92340.6,92361.6,92342.195,92353.47
2024-11-26T12:55:42.544,92340.6,92361.6,92342.19,92353.47
2024-11-26T12:55:42.564,92340.6,92361.6,92342.19,92353.48
2024-11-26T12:55:42.584,92340.1,92361.6,92342.13,92353.48
2024-11-26T12:55:42.604,92340.1,92361.5,92342.13,92353.375
2024-11-26T12:55:42.624,92339.9,92361.6,92342.086,92353.48
2024-11-26T12:55:42.644,92339.9,92361.6,92342.086,92353.484
2024-11-26T12:55:42.664,92340.0,92361.6,92342.14,92353.47
2024-11-26T12:55:42.724,92340.1,92361.5,92342.17,92353.36
2024-11-26T12:55:42.744,92340.6,92361.5,92342.17,92353.36
2024-11-26T12:55:42.764,92340.6,92361.5,92342.17,92353.46
2024-11-26T12:55:42.784,92340.6,92361.5,92342.17,92353.46
2024-11-26T12:55:42.804,92340.6,92361.6,92342.17,92353.57
2024-11-26T12:55:42.824,92340.6,92361.6,92342.17,92353.66
2024-11-26T12:55:42.884,92340.0,92361.7,92343.49,92353.516
2024-11-26T12:55:42.904,92340.0,92361.9,92343.22,92353.25
2024-11-26T12:55:42.924,92340.0,92361.7,92343.21,92353.195
2024-11-26T12:55:42.944,92340.1,92361.9,92343.17,92353.26
2024-11-26T12:55:42.964,92340.1,92361.9,92343.586,92353.26
2024-11-26T12:55:42.984,92340.6,92362.0,92343.59,92353.9
2024-11-26T12:55:43.004,92340.6,92362.0,92343.37,92354.305
2024-11-26T12:55:43.024,92340.6,92362.0,92343.53,92354.305
2024-11-26T12:55:43.044,92340.6,92362.0,92343.53,92354.3
2024-11-26T12:55:43.084,92340.6,92362.0,92343.53,92355.664
2024-11-26T12:55:43.124,92340.6,92362.0,92343.53,92355.586
2024-11-26T12:55:43.165,92340.6,92362.0,92343.53,92355.586
2024-11-26T12:55:43.184,92340.6,92362.0,92343.53,92355.586
2024-11-26T12:55:43.205,92340.7,92362.0,92343.54,92355.586
2024-11-26T12:55:43.264,92340.7,92362.0,92343.516,92355.586
2024-11-26T12:55:43.284,92340.7,92362.0,92343.49,92355.484
2024-11-26T12:55:43.324,92340.8,92362.0,92345.11,92355.61
2024-11-26T12:55:43.344,92340.8,92361.9,92345.11,92354.19
2024-11-26T12:55:43.364,92340.8,92361.9,92345.11,92354.19
2024-11-26T12:55:43.424,92340.8,92362.0,92345.11,92355.61
2024-11-26T12:55:43.444,92340.8,92362.0,92345.055,92355.61
2024-11-26T12:55:43.504,92340.7,92362.0,92343.42,92355.195
2024-11-26T12:55:43.524,92340.6,92361.7,92343.41,92353.18
2024-11-26T12:55:43.544,92340.6,92361.7,92342.555,92353.18
2024-11-26T12:55:43.564,92340.6,92361.7,92342.18,92353.164
2024-11-26T12:55:43.584,92340.6,92361.7,92342.18,92353.164
2024-11-26T12:55:43.644,92340.6,92361.7,92342.18,92353.164
2024-11-26T12:55:43.684,92340.6,92361.7,92342.17,92353.16
2024-11-26T12:55:43.704,92340.6,92361.7,92342.17,92353.305
2024-11-26T12:55:43.724,92340.6,92361.7,92343.336,92353.41
2024-11-26T12:55:43.744,92340.7,92362.0,92343.5,92354.62
2024-11-26T12:55:43.764,92340.7,92362.0,92343.5,92354.76
2024-11-26T12:55:43.785,92340.7,92362.0,92343.53,92354.805
2024-11-26T12:55:43.804,92340.7,92362.0,92343.53,92354.805
2024-11-26T12:55:43.844,92340.8,92362.0,92345.195,92354.805
2024-11-26T12:55:43.885,92340.8,92362.0,92345.2,92354.805
2024-11-26T12:55:43.904,92340.7,92362.0,92343.53,92354.805
2024-11-26T12:55:43.985,92340.7,92362.0,92343.53,92354.75
2024-11-26T12:55:44.004,92340.8,92362.0,92345.164,92354.83
2024-11-26T12:55:44.024,92340.8,92362.0,92345.164,92354.62
2024-11-26T12:55:44.044,92340.7,92361.9,92343.516,92353.3
2024-11-26T12:55:44.064,92340.7,92361.9,92343.516,92353.29
2024-11-26T12:55:44.084,92340.7,92361.9,92343.516,92353.31
2024-11-26T12:55:44.104,92340.7,92361.9,92343.51,92353.35
2024-11-26T12:55:44.124,92340.7,92361.9,92343.51,92353.445
2024-11-26T12:55:44.144,92340.7,92361.7,92343.51,92353.45
2024-11-26T12:55:44.164,92340.7,92361.7,92343.51,92353.49
2024-11-26T12:55:44.185,92340.7,92361.7,92343.51,92353.22
2024-11-26T12:55:44.204,92340.7,92361.7,92343.51,92353.086
2024-11-26T12:55:44.224,92340.7,92361.9,92343.51,92353.68
2024-11-26T12:55:44.244,92340.6,92361.9,92343.51,92353.43
2024-11-26T12:55:44.264,92340.6,92361.9,92343.5,92353.48
2024-11-26T12:55:44.304,92340.7,92361.9,92343.5,92353.49
2024-11-26T12:55:44.324,92340.7,92361.9,92343.5,92353.57
2024-11-26T12:55:44.365,92340.7,92362.0,92343.516,92355.08
2024-11-26T12:55:44.384,92340.6,92361.9,92343.516,92353.21
2024-11-26T12:55:44.404,92340.0,92361.7,92343.33,92353.4
2024-11-26T12:55:44.425,92340.0,92361.7,92343.016,92353.4
2024-11-26T12:55:44.444,92340.6,92361.7,92343.05,92353.39
2024-11-26T12:55:44.484,92340.6,92361.7,92342.984,92353.36
2024-11-26T12:55:44.504,92340.0,92361.1,92341.664,92354.58
2024-11-26T12:55:44.524,92339.3,92359.4,92341.37,92349.75
2024-11-26T12:55:44.547,92339.1,92359.4,92341.39,92350.16
2024-11-26T12:55:44.564,92339.0,92359.5,92341.32,92349.91
2024-11-26T12:55:44.584,92334.6,92356.5,92340.445,92345.59
2024-11-26T12:55:44.604,92333.3,92356.6,92340.19,92344.32
2024-11-26T12:55:44.624,92333.3,92357.0,92340.17,92345.49
2024-11-26T12:55:44.644,92333.0,92358.1,92340.43,92347.62
2024-11-26T12:55:44.664,92333.0,92357.8,92340.45,92347.234
2024-11-26T12:55:44.684,92333.0,92356.6,92339.97,92347.22
2024-11-26T12:55:44.704,92333.1,92356.3,92339.945,92347.72
2024-11-26T12:55:44.724,92333.1,92356.4,92339.945,92347.97
2024-11-26T12:55:44.744,92333.2,92358.1,92340.86,92350.95
2024-11-26T12:55:44.764,92333.3,92358.4,92341.195,92351.85
2024-11-26T12:55:44.785,92333.3,92358.3,92341.08,92350.76
2024-11-26T12:55:44.804,92333.2,92358.0,92340.83,92349.94
2024-11-26T12:55:44.824,92333.1,92357.8,92340.75,92350.63
2024-11-26T12:55:44.844,92333.0,92357.4,92340.58,92350.43
2024-11-26T12:55:44.864,92332.9,92357.2,92340.4,92349.97
2024-11-26T12:55:44.884,92332.9,92357.6,92340.4,92347.016
2024-11-26T12:55:44.904,92332.9,92357.7,92340.73,92346.984
2024-11-26T12:55:44.924,92332.9,92357.6,92340.72,92346.16
2024-11-26T12:55:44.944,92332.9,92357.6,92340.72,92346.125
2024-11-26T12:55:44.984,92332.9,92357.7,92340.72,92346.16
2024-11-26T12:55:45.004,92333.0,92357.7,92340.72,92346.16
2024-11-26T12:55:45.044,92332.9,92357.6,92340.695,92346.125
2024-11-26T12:55:45.064,92332.9,92357.6,92340.695,92346.17
2024-11-26T12:55:45.085,92332.9,92357.6,92340.69,92346.17
2024-11-26T12:55:45.104,92332.9,92357.7,92340.586,92346.2
2024-11-26T12:55:45.124,92332.9,92357.7,92340.586,92346.96
2024-11-26T12:55:45.144,92332.9,92357.7,92340.484,92346.96
2024-11-26T12:55:45.164,92333.0,92357.6,92340.5,92346.93
2024-11-26T12:55:45.204,92333.0,92357.6,92340.41,92346.93
2024-11-26T12:55:45.224,92333.0,92357.7,92340.39,92346.96
2024-11-26T12:55:45.244,92332.9,92357.7,92340.375,92346.96
2024-11-26T12:55:45.284,92332.9,92357.7,92340.38,92346.97
2024-11-26T12:55:45.304,92332.6,92357.7,92340.38,92347.1
2024-11-26T12:55:45.324,92332.5,92357.8,92340.23,92347.44
2024-11-26T12:55:45.344,92332.0,92357.8,92340.11,92347.336
2024-11-26T12:55:45.364,92332.0,92357.8,92340.16,92347.37
2024-11-26T12:55:45.384,92332.0,92357.6,92340.16,92347.234
2024-11-26T12:55:45.404,92331.9,92357.5,92340.055,92345.055
2024-11-26T12:55:45.424,92331.9,92356.1,92340.055,92345.695
2024-11-26T12:55:45.444,92331.9,92356.0,92340.07,92345.695
2024-11-26T12:55:45.464,92331.9,92356.0,92340.07,92346.0
2024-11-26T12:55:45.484,92331.6,92356.1,92339.54,92346.12
2024-11-26T12:55:45.504,92331.6,92356.1,92339.52,92346.125
2024-11-26T12:55:45.524,92331.6,92356.0,92339.52,92346.14
2024-11-26T12:55:45.544,92331.6,92356.0,92339.52,92346.164
2024-11-26T12:55:45.564,92328.9,92354.0,92334.016,92343.125
2024-11-26T12:55:45.584,92326.9,92351.7,92329.6,92339.45
2024-11-26T12:55:45.604,92325.6,92351.0,92328.9,92336.836
2024-11-26T12:55:45.624,92325.1,92351.1,92328.48,92337.305
2024-11-26T12:55:45.644,92325.0,92351.8,92328.37,92341.0
2024-11-26T12:55:45.664,92325.0,92351.2,92328.234,92341.625
2024-11-26T12:55:45.684,92325.0,92351.2,92328.38,92341.664
2024-11-26T12:55:45.704,92325.0,92350.8,92328.37,92340.09
2024-11-26T12:55:45.724,92325.0,92349.5,92328.35,92337.96
2024-11-26T12:55:45.744,92324.7,92348.8,92327.57,92335.23
2024-11-26T12:55:45.764,92324.7,92348.6,92327.586,92337.86
2024-11-26T12:55:45.784,92324.7,92348.8,92327.586,92338.14
2024-11-26T12:55:45.804,92324.7,92349.5,92327.586,92338.52
2024-11-26T12:55:45.824,92324.7,92349.4,92327.555,92338.18
2024-11-26T12:55:45.844,92324.7,92348.8,92327.555,92338.13
2024-11-26T12:55:45.884,92324.9,92348.8,92327.75,92338.13
2024-11-26T12:55:45.904,92324.9,92348.8,92328.18,92338.734
2024-11-26T12:55:45.924,92325.0,92348.8,92328.38,92338.945
2024-11-26T12:55:45.944,92325.0,92348.8,92328.83,92338.92
2024-11-26T12:55:45.964,92324.7,92348.1,92327.68,92338.34
2024-11-26T12:55:45.984,92324.7,92347.5,92328.98,92338.73
2024-11-26T12:55:46.004,92324.7,92348.0,92330.086,92339.516
2024-11-26T12:55:46.024,92324.7,92348.1,92330.11,92339.38
2024-11-26T12:55:46.044,92324.7,92348.1,92329.74,92339.23
2024-11-26T12:55:46.064,92324.7,92348.1,92329.74,92339.23
2024-11-26T12:55:46.084,92324.7,92348.1,92329.31,92339.23
2024-11-26T12:55:46.105,92324.7,92348.1,92329.31,92339.61
2024-11-26T12:55:46.124,92324.7,92348.1,92329.31,92339.625
2024-11-26T12:55:46.144,92324.7,92348.0,92329.305,92339.625
2024-11-26T12:55:46.184,92324.7,92348.0,92328.695,92339.586
2024-11-26T12:55:46.204,92324.6,92347.5,92327.6,92337.56
2024-11-26T12:55:46.224,92324.5,92347.2,92327.39,92338.44
2024-11-26T12:55:46.244,92324.4,92346.5,92327.37,92338.05
2024-11-26T12:55:46.264,92322.0,92346.5,92323.89,92338.5
2024-11-26T12:55:46.284,92321.9,92346.3,92323.73,92338.04
2024-11-26T12:55:46.304,92322.0,92346.6,92323.766,92339.03
2024-11-26T12:55:46.324,92322.1,92346.5,92324.94,92338.55
2024-11-26T12:55:46.344,92322.1,92346.5,92324.65,92338.55
2024-11-26T12:55:46.364,92322.0,92346.6,92323.805,92339.03
2024-11-26T12:55:46.384,92321.8,92346.3,92323.664,92334.2
2024-11-26T12:55:46.404,92321.7,92346.8,92323.52,92337.42
2024-11-26T12:55:46.424,92321.7,92346.3,92323.625,92337.89
2024-11-26T12:55:46.444,92321.7,92346.3,92323.65,92337.98
2024-11-26T12:55:46.464,92321.8,92346.3,92324.586,92337.98
2024-11-26T12:55:46.484,92321.9,92346.2,92324.58,92337.94
2024-11-26T12:55:46.504,92321.8,92345.4,92324.58,92336.96
2024-11-26T12:55:46.524,92321.8,92346.2,92324.555,92337.94
2024-11-26T12:55:46.564,92321.9,92345.4,92324.58,92336.96
2024-11-26T12:55:46.584,92321.9,92346.3,92324.58,92337.97
2024-11-26T12:55:46.604,92321.8,92346.2,92324.43,92338.21
2024-11-26T12:55:46.624,92322.0,92345.4,92324.6,92337.32
2024-11-26T12:55:46.644,92321.9,92345.4,92324.56,92337.33
2024-11-26T12:55:46.684,92321.9,92345.4,92324.57,92337.336
2024-11-26T12:55:46.704,92321.9,92345.4,92324.57,92337.336
2024-11-26T12:55:46.724,92321.9,92345.4,92324.58,92337.33
2024-11-26T12:55:46.764,92321.9,92346.2,92324.56,92338.234
2024-11-26T12:55:46.784,92321.9,92345.4,92324.56,92337.33
2024-11-26T12:55:46.824,92322.0,92345.1,92324.59,92336.836
2024-11-26T12:55:46.924,92321.9,92345.4,92324.56,92337.336
2024-11-26T12:55:46.964,92321.9,92345.8,92324.56,92337.38
2024-11-26T12:55:47.024,92322.0,92345.4,92324.59,92337.31
2024-11-26T12:55:47.044,92322.1,92345.4,92324.62,92337.31
2024-11-26T12:55:47.084,92322.1,92345.4,92324.59,92338.555
2024-11-26T12:55:47.104,92322.1,92345.4,92324.59,92338.42
2024-11-26T12:55:47.124,92322.1,92345.8,92324.59,92338.445
2024-11-26T12:55:47.144,92322.0,92345.8,92324.43,92338.445
2024-11-26T12:55:47.164,92321.9,92345.4,92324.41,92338.47
2024-11-26T12:55:47.184,92321.8,92345.1,92324.375,92338.14
2024-11-26T12:55:47.224,92321.8,92345.0,92324.35,92337.84
2024-11-26T12:55:47.244,92321.8,92345.1,92324.35,92338.06
2024-11-26T12:55:47.284,92321.8,92345.4,92324.35,92338.26
2024-11-26T12:55:47.304,92321.6,92345.0,92324.32,92335.07
2024-11-26T12:55:47.324,92321.1,92343.3,92323.805,92333.68
2024-11-26T12:55:47.344,92319.7,92342.8,92322.984,92333.95
2024-11-26T12:55:47.364,92314.9,92339.8,92317.08,92326.57
2024-11-26T12:55:47.385,92312.3,92336.1,92314.195,92324.59
2024-11-26T12:55:47.404,92310.2,92336.6,92312.47,92322.586
2024-11-26T12:55:47.424,92305.3,92333.1,92308.01,92321.01
2024-11-26T12:55:47.444,92303.4,92331.5,92307.46,92316.17
2024-11-26T12:55:47.464,92299.8,92328.5,92301.02,92314.21
2024-11-26T12:55:47.484,92299.5,92328.3,92300.9,92313.4
2024-11-26T12:55:47.504,92298.2,92328.0,92300.17,92313.375
2024-11-26T12:55:47.524,92295.1,92322.8,92299.27,92309.74
2024-11-26T12:55:47.544,92293.5,92319.1,92298.26,92306.58
2024-11-26T12:55:47.564,92291.8,92317.9,92296.945,92305.23
2024-11-26T12:55:47.585,92290.3,92316.6,92296.97,92304.8
2024-11-26T12:55:47.604,92289.3,92317.0,92297.37,92304.18
2024-11-26T12:55:47.624,92289.0,92317.4,92297.39,92305.37
2024-11-26T12:55:47.644,92288.3,92317.4,92297.78,92307.086
2024-11-26T12:55:47.664,92286.3,92315.8,92295.23,92305.63
2024-11-26T12:55:47.684,92285.7,92315.8,92295.13,92305.85
2024-11-26T12:55:47.704,92285.7,92315.7,92296.734,92306.85
2024-11-26T12:55:47.724,92285.7,92315.8,92296.734,92307.3
2024-11-26T12:55:47.744,92285.6,92315.8,92296.664,92307.3
2024-11-26T12:55:47.764,92285.5,92315.8,92297.08,92307.3
2024-11-26T12:55:47.784,92285.5,92315.7,92297.28,92307.305
2024-11-26T12:55:47.804,92285.4,92315.7,92297.266,92307.29
2024-11-26T12:55:47.824,92285.3,92315.5,92297.57,92306.984
2024-11-26T12:55:47.844,92285.6,92315.3,92296.78,92305.23
2024-11-26T12:55:47.864,92285.0,92315.3,92296.29,92305.29
2024-11-26T12:55:47.884,92284.5,92314.5,92293.76,92302.34
2024-11-26T12:55:47.904,92283.8,92313.5,92284.836,92300.32
2024-11-26T12:55:47.924,92282.6,92312.4,92284.74,92299.84
2024-11-26T12:55:47.944,92282.4,92312.3,92284.63,92300.72
2024-11-26T12:55:47.964,92282.5,92312.6,92284.7,92301.29
2024-11-26T12:55:47.984,92282.4,92312.7,92284.664,92301.61
2024-11-26T12:55:48.004,92282.4,92312.8,92284.664,92301.664
2024-11-26T12:55:48.024,92282.5,92312.7,92284.664,92301.62
2024-11-26T12:55:48.044,92282.5,92312.6,92284.67,92301.484
2024-11-26T12:55:48.064,92282.4,92312.5,92284.66,92301.42
2024-11-26T12:55:48.084,92282.2,92312.2,92284.61,92302.04
2024-11-26T12:55:48.104,92282.2,92312.2,92284.65,92302.04
2024-11-26T12:55:48.124,92282.0,92312.0,92284.4,92301.83
2024-11-26T12:55:48.144,92282.0,92311.5,92284.42,92302.06
2024-11-26T12:55:48.164,92281.9,92311.5,92284.43,92302.06
2024-11-26T12:55:48.184,92281.9,92311.4,92284.41,92301.88
2024-11-26T12:55:48.204,92281.9,92311.4,92284.41,92301.836
2024-11-26T12:55:48.224,92281.9,92311.3,92284.45,92301.85
2024-11-26T12:55:48.244,92282.1,92311.3,92284.54,92301.875
2024-11-26T12:55:48.264,92280.4,92308.2,92283.58,92291.59
2024-11-26T12:55:48.284,92280.3,92308.5,92283.1,92295.25
2024-11-26T12:55:48.304,92281.3,92309.4,92287.48,92304.29
2024-11-26T12:55:48.324,92282.0,92309.9,92287.234,92306.3
2024-11-26T12:55:48.344,92282.1,92309.9,92286.91,92305.414
2024-11-26T12:55:48.364,92282.0,92310.3,92287.0,92304.984
2024-11-26T12:55:48.384,92281.9,92310.3,92286.76,92304.984
2024-11-26T12:55:48.404,92281.6,92310.3,92286.02,92304.87
2024-11-26T12:55:48.424,92281.6,92310.3,92285.945,92301.89
2024-11-26T12:55:48.444,92281.5,92309.9,92285.8,92301.17
2024-11-26T12:55:48.464,92281.3,92309.9,92285.72,92301.56
2024-11-26T12:55:48.504,92281.5,92309.9,92285.766,92301.56
2024-11-26T12:55:48.524,92281.5,92309.9,92285.75,92301.56
2024-11-26T12:55:48.544,92281.5,92309.9,92285.67,92301.15
2024-11-26T12:55:48.564,92281.5,92310.3,92285.46,92301.59
2024-11-26T12:55:48.584,92281.5,92310.3,92284.914,92301.55
2024-11-26T12:55:48.604,92281.2,92310.3,92285.18,92301.65
2024-11-26T12:55:48.624,92281.2,92310.3,92284.945,92301.65
2024-11-26T12:55:48.644,92281.0,92309.8,92284.71,92300.95
2024-11-26T12:55:48.664,92281.1,92309.6,92284.79,92300.91
2024-11-26T12:55:48.684,92281.0,92309.2,92284.37,92293.945
2024-11-26T12:55:48.704,92281.0,92309.6,92284.37,92300.54
2024-11-26T12:55:48.724,92281.1,92309.5,92284.21,92300.4
2024-11-26T12:55:48.744,92281.0,92309.6,92284.37,92300.836
2024-11-26T12:55:48.764,92281.1,92309.6,92284.45,92300.84
2024-11-26T12:55:48.784,92279.9,92309.2,92283.48,92299.195
2024-11-26T12:55:48.804,92279.8,92309.1,92283.336,92299.64
2024-11-26T12:55:48.824,92279.8,92309.1,92283.336,92299.67
2024-11-26T12:55:48.844,92279.8,92309.1,92283.336,92299.67
2024-11-26T12:55:48.864,92279.6,92309.1,92282.91,92299.67
2024-11-26T12:55:48.884,92279.5,92309.1,92282.58,92299.74
2024-11-26T12:55:48.904,92279.3,92308.5,92282.36,92294.15
2024-11-26T12:55:48.924,92279.4,92308.5,92282.695,92297.984
2024-11-26T12:55:48.944,92279.4,92308.4,92283.0,92298.38
2024-11-26T12:55:48.964,92279.4,92308.5,92282.99,92298.49
2024-11-26T12:55:48.984,92279.4,92308.4,92283.15,92298.19
2024-11-26T12:55:49.004,92279.5,92308.4,92283.15,92298.445
2024-11-26T12:55:49.024,92279.5,92308.3,92282.67,92298.19
2024-11-26T12:55:49.044,92279.5,92308.0,92282.945,92298.57
2024-11-26T12:55:49.064,92279.3,92307.8,92282.625,92298.516
2024-11-26T12:55:49.084,92279.3,92308.0,92282.625,92298.62
2024-11-26T12:55:49.104,92279.6,92308.0,92282.63,92298.57
2024-11-26T12:55:49.124,92279.5,92308.0,92281.836,92298.57
2024-11-26T12:55:49.144,92279.7,92307.8,92281.91,92298.5
2024-11-26T12:55:49.164,92279.7,92307.8,92282.78,92298.664
2024-11-26T12:55:49.184,92279.6,92307.8,92282.73,92298.5
2024-11-26T12:55:49.204,92279.6,92307.8,92283.08,92298.664
2024-11-26T12:55:49.224,92279.6,92308.0,92283.68,92299.48
2024-11-26T12:55:49.244,92279.6,92308.0,92283.68,92298.98
2024-11-26T12:55:49.264,92279.6,92308.2,92283.21,92299.02
2024-11-26T12:55:49.284,92279.6,92308.2,92283.21,92299.195
2024-11-26T12:55:49.304,92279.6,92308.0,92281.91,92299.01
2024-11-26T12:55:49.324,92279.6,92308.0,92281.91,92299.01
2024-11-26T12:55:49.344,92279.6,92307.8,92281.91,92298.9
2024-11-26T12:55:49.384,92279.6,92308.0,92282.234,92298.95
2024-11-26T12:55:49.404,92279.6,92308.0,92282.234,92298.96
2024-11-26T12:55:49.424,92279.6,92308.0,92281.9,92298.96
2024-11-26T12:55:49.444,92279.6,92307.8,92281.9,92298.89
2024-11-26T12:55:49.504,92279.6,92307.6,92281.99,92298.88
2024-11-26T12:55:49.524,92279.6,92307.0,92282.15,92299.24
2024-11-26T12:55:49.544,92279.6,92306.7,92281.86,92298.875
2024-11-26T12:55:49.564,92279.6,92306.8,92281.86,92298.55
2024-11-26T12:55:49.584,92279.6,92306.7,92281.84,92298.53
2024-11-26T12:55:49.604,92279.5,92306.7,92281.82,92298.53
2024-11-26T12:55:49.624,92279.5,92306.7,92281.805,92298.79
2024-11-26T12:55:49.644,92275.9,92302.0,92278.0,92287.05
2024-11-26T12:55:49.664,92275.6,92303.4,92278.02,92289.86
2024-11-26T12:55:49.684,92275.6,92301.5,92278.02,92289.99
2024-11-26T12:55:49.704,92271.8,92302.4,92275.46,92291.75
2024-11-26T12:55:49.724,92271.7,92301.6,92275.35,92291.33
2024-11-26T12:55:49.744,92271.4,92300.4,92274.195,92283.85
2024-11-26T12:55:49.764,92271.6,92300.4,92275.17,92288.01
2024-11-26T12:55:49.784,92271.6,92300.1,92275.17,92287.78
2024-11-26T12:55:49.804,92265.1,92293.6,92268.08,92277.52
2024-11-26T12:55:49.825,92263.3,92290.1,92265.65,92275.73
2024-11-26T12:55:49.844,92263.1,92290.8,92264.95,92276.34
2024-11-26T12:55:49.864,92263.2,92292.5,92265.1,92276.99
2024-11-26T12:55:49.884,92263.1,92292.5,92264.984,92280.53
2024-11-26T12:55:49.904,92263.2,92291.2,92264.984,92280.34
2024-11-26T12:55:49.924,92261.7,92287.4,92264.88,92272.14
2024-11-26T12:55:49.944,92255.5,92285.9,92260.69,92275.02
2024-11-26T12:55:49.964,92253.8,92285.5,92259.55,92270.95
2024-11-26T12:55:49.984,92254.4,92284.8,92259.7,92271.48
2024-11-26T12:55:50.004,92254.8,92284.9,92258.625,92273.96
2024-11-26T12:55:50.024,92254.1,92284.6,92257.95,92272.63
2024-11-26T12:55:50.044,92254.0,92283.6,92256.26,92267.95
2024-11-26T12:55:50.064,92253.9,92283.6,92256.305,92267.586
2024-11-26T12:55:50.084,92253.2,92283.2,92255.3,92267.44
2024-11-26T12:55:50.104,92252.7,92283.1,92255.12,92267.12
2024-11-26T12:55:50.124,92252.6,92283.1,92254.88,92268.6
2024-11-26T12:55:50.144,92252.6,92283.1,92254.88,92269.7
2024-11-26T12:55:50.164,92252.7,92283.1,92255.08,92269.734
2024-11-26T12:55:50.184,92252.9,92283.1,92255.64,92269.78
2024-11-26T12:55:50.204,92253.0,92283.1,92255.75,92269.78
2024-11-26T12:55:50.224,92253.0,92282.9,92255.77,92269.73
2024-11-26T12:55:50.244,92252.6,92281.9,92255.125,92269.94
2024-11-26T12:55:50.264,92252.5,92282.7,92255.89,92269.94
2024-11-26T12:55:50.284,92252.7,92281.9,92255.21,92270.164
2024-11-26T12:55:50.304,92252.4,92281.7,92257.14,92269.73
2024-11-26T12:55:50.324,92252.4,92281.9,92257.83,92271.24
2024-11-26T12:55:50.344,92252.4,92281.1,92257.79,92270.336
2024-11-26T12:55:50.364,92252.3,92280.9,92257.82,92270.06
2024-11-26T12:55:50.384,92252.2,92280.3,92256.336,92269.0
2024-11-26T12:55:50.404,92252.2,92280.4,92256.34,92270.23
2024-11-26T12:55:50.424,92252.3,92280.4,92257.7,92270.48
2024-11-26T12:55:50.444,92252.1,92280.4,92256.01,92270.48
2024-11-26T12:55:50.464,92252.3,92280.3,92258.25,92269.1
2024-11-26T12:55:50.484,92252.3,92280.4,92258.875,92270.53
2024-11-26T12:55:50.504,92252.5,92280.8,92258.29,92272.82
2024-11-26T12:55:50.524,92252.6,92280.8,92257.7,92271.73
2024-11-26T12:55:50.544,92252.6,92280.8,92257.7,92270.66
2024-11-26T12:55:50.564,92252.6,92280.8,92257.695,92270.66
2024-11-26T12:55:50.584,92252.7,92280.6,92257.72,92271.6
2024-11-26T12:55:50.604,92252.7,92280.6,92257.8,92271.82
2024-11-26T12:55:50.624,92252.7,92281.0,92257.8,92272.46
2024-11-26T12:55:50.644,92252.7,92281.0,92257.805,92270.09
2024-11-26T12:55:50.664,92252.8,92281.9,92258.5,92271.59
2024-11-26T12:55:50.684,92252.8,92282.9,92258.63,92273.49
2024-11-26T12:55:50.704,92253.0,92283.2,92259.26,92274.69
2024-11-26T12:55:50.724,92253.0,92283.8,92259.26,92274.836
2024-11-26T12:55:50.744,92253.0,92283.5,92259.26,92274.82
2024-11-26T12:55:50.784,92253.0,92283.5,92259.266,92274.8
2024-11-26T12:55:50.804,92253.0,92283.6,92259.266,92274.94
2024-11-26T12:55:50.824,92253.0,92284.0,92259.234,92275.516
2024-11-26T12:55:50.864,92253.6,92284.6,92261.58,92280.805
2024-11-26T12:55:50.884,92253.9,92284.5,92261.71,92280.6
2024-11-26T12:55:50.904,92254.0,92284.6,92261.695,92280.766
2024-11-26T12:55:50.924,92254.0,92284.9,92261.625,92281.47
2024-11-26T12:55:50.944,92254.0,92284.5,92261.36,92280.88
2024-11-26T12:55:50.964,92254.0,92284.5,92261.37,92280.88
2024-11-26T12:55:50.984,92254.0,92284.5,92261.55,92280.97
2024-11-26T12:55:51.004,92254.0,92284.5,92261.5,92280.99
2024-11-26T12:55:51.024,92254.0,92284.4,92261.5,92279.89
2024-11-26T12:55:51.064,92254.0,92284.4,92261.414,92279.89
2024-11-26T12:55:51.084,92254.0,92284.5,92261.41,92280.89
2024-11-26T12:55:51.124,92254.1,92284.5,92261.43,92280.89
2024-11-26T12:55:51.144,92254.1,92284.5,92261.46,92280.89
2024-11-26T12:55:51.164,92254.1,92284.5,92261.266,92280.89
2024-11-26T12:55:51.184,92254.0,92284.5,92261.14,92280.89
2024-11-26T12:55:51.204,92254.0,92284.4,92261.14,92279.93
2024-11-26T12:55:51.244,92254.0,92284.3,92261.055,92278.0
2024-11-26T12:55:51.264,92254.1,92284.1,92260.945,92276.42
2024-11-26T12:55:51.285,92254.0,92284.0,92261.39,92276.72
2024-11-26T12:55:51.304,92253.9,92283.8,92261.47,92276.96
2024-11-26T12:55:51.324,92253.9,92283.9,92261.46,92275.15
2024-11-26T12:55:51.344,92253.9,92284.0,92260.95,92275.31
2024-11-26T12:55:51.364,92253.6,92283.9,92258.38,92275.336
2024-11-26T12:55:51.384,92253.5,92283.9,92257.24,92276.38
2024-11-26T12:55:51.404,92253.4,92283.9,92257.18,92276.42
2024-11-26T12:55:51.424,92253.3,92283.8,92257.07,92276.43
2024-11-26T12:55:51.444,92253.5,92283.9,92257.5,92276.42
2024-11-26T12:55:51.464,92253.8,92283.9,92257.64,92276.42
2024-11-26T12:55:51.484,92253.8,92284.0,92258.37,92275.61
2024-11-26T12:55:51.504,92253.5,92283.6,92257.14,92269.82
2024-11-26T12:55:51.524,92253.3,92283.2,92257.62,92274.26
2024-11-26T12:55:51.544,92253.5,92283.5,92257.61,92274.664
2024-11-26T12:55:51.564,92253.5,92283.5,92257.72,92274.664
2024-11-26T12:55:51.584,92253.6,92283.5,92259.85,92276.16
2024-11-26T12:55:51.604,92253.8,92283.5,92259.57,92275.17
2024-11-26T12:55:51.624,92253.8,92283.2,92259.52,92275.08
2024-11-26T12:55:51.645,92253.6,92283.2,92259.445,92275.08
2024-11-26T12:55:51.664,92253.5,92283.5,92259.45,92275.22
2024-11-26T12:55:51.684,92253.3,92283.5,92259.47,92276.37
2024-11-26T12:55:51.725,92253.3,92283.5,92259.43,92276.37
2024-11-26T12:55:51.744,92253.0,92283.5,92259.555,92274.2
2024-11-26T12:55:51.764,92253.0,92283.5,92259.44,92274.07
2024-11-26T12:55:51.804,92253.0,92283.5,92259.484,92275.07
2024-11-26T12:55:51.825,92253.0,92283.5,92259.5,92275.82
2024-11-26T12:55:51.865,92252.9,92283.5,92259.31,92275.82
2024-11-26T12:55:51.884,92252.8,92283.5,92258.56,92275.82
2024-11-26T12:55:51.904,92252.8,92283.5,92258.44,92275.82
2024-11-26T12:55:51.924,92252.9,92283.5,92259.23,92275.805
2024-11-26T12:55:51.944,92252.9,92283.5,92259.23,92275.79
2024-11-26T12:55:51.984,92253.0,92283.5,92259.414,92275.055
2024-11-26T12:55:52.005,92253.0,92283.5,92259.4,92274.266
2024-11-26T12:55:52.024,92253.0,92283.2,92259.4,92275.76
2024-11-26T12:55:52.084,92253.0,92283.1,92259.4,92275.086
2024-11-26T12:55:52.104,92253.3,92283.1,92259.086,92275.15
2024-11-26T12:55:52.125,92253.5,92283.6,92259.055,92276.85
2024-11-26T12:55:52.144,92253.8,92284.1,92261.91,92279.62
2024-11-26T12:55:52.164,92254.2,92284.6,92261.89,92281.49
2024-11-26T12:55:52.184,92254.2,92284.5,92261.69,92281.41
2024-11-26T12:55:52.204,92254.2,92284.4,92261.52,92280.195
2024-11-26T12:55:52.224,92254.2,92284.4,92261.516,92280.414
2024-11-26T12:55:52.264,92254.2,92284.4,92261.51,92280.48
2024-11-26T12:55:52.284,92254.2,92284.3,92261.516,92280.875
2024-11-26T12:55:52.304,92254.2,92284.3,92261.44,92280.68
2024-11-26T12:55:52.324,92254.1,92284.2,92260.805,92279.555
2024-11-26T12:55:52.344,92254.0,92284.1,92260.72,92279.02
2024-11-26T12:55:52.364,92254.0,92284.0,92260.71,92279.27
2024-11-26T12:55:52.384,92254.0,92284.0,92260.71,92278.51
2024-11-26T12:55:52.404,92254.0,92283.9,92259.734,92277.31
2024-11-26T12:55:52.424,92254.0,92283.9,92259.44,92276.88
2024-11-26T12:55:52.444,92254.0,92283.9,92259.39,92277.01
2024-11-26T12:55:52.464,92254.0,92283.8,92259.47,92277.234
2024-11-26T12:55:52.484,92254.0,92283.8,92259.47,92278.625
2024-11-26T12:55:52.504,92254.0,92283.6,92259.46,92277.73
2024-11-26T12:55:52.524,92254.0,92283.6,92259.46,92277.71
2024-11-26T12:55:52.584,92254.0,92283.6,92259.47,92277.67
2024-11-26T12:55:52.604,92254.0,92283.6,92259.48,92277.695
2024-11-26T12:55:52.624,92254.0,92283.8,92259.48,92278.25
2024-11-26T12:55:52.645,92254.0,92283.8,92259.43,92278.25
2024-11-26T12:55:52.664,92254.0,92283.9,92259.5,92279.266
2024-11-26T12:55:52.684,92254.1,92283.9,92259.664,92280.01
2024-11-26T12:55:52.704,92254.1,92283.9,92259.69,92280.016
2024-11-26T12:55:52.724,92254.0,92283.9,92259.66,92280.016
2024-11-26T12:55:52.744,92254.1,92283.9,92259.69,92280.19
2024-11-26T12:55:52.764,92254.1,92284.0,92259.69,92280.26
2024-11-26T12:55:52.884,92254.1,92284.0,92259.61,92280.26
2024-11-26T12:55:52.904,92254.1,92284.0,92259.88,92280.13
2024-11-26T12:55:52.924,92254.1,92284.0,92259.88,92280.17
2024-11-26T12:55:52.944,92254.1,92283.9,92259.88,92280.06
2024-11-26T12:55:52.964,92253.6,92284.0,92259.83,92280.22
2024-11-26T12:55:52.984,92253.6,92284.0,92259.836,92280.195
2024-11-26T12:55:53.004,92253.6,92283.6,92259.836,92279.46
2024-11-26T12:55:53.024,92253.6,92283.5,92259.836,92279.51
2024-11-26T12:55:53.044,92253.6,92283.5,92259.79,92279.57
2024-11-26T12:55:53.064,92254.1,92283.5,92259.77,92279.57
2024-11-26T12:55:53.084,92254.1,92283.6,92259.79,92279.625
2024-11-26T12:55:53.104,92254.1,92283.8,92259.79,92280.27
2024-11-26T12:55:53.124,92254.1,92283.8,92259.79,92280.51
2024-11-26T12:55:53.144,92254.1,92284.2,92259.79,92281.09
2024-11-26T12:55:53.164,92254.1,92284.1,92259.79,92280.625
2024-11-26T12:55:53.184,92254.1,92284.1,92259.805,92280.625
2024-11-26T12:55:53.204,92254.6,92284.5,92262.42,92282.766
2024-11-26T12:55:53.224,92255.3,92284.1,92264.36,92281.67
2024-11-26T12:55:53.244,92255.9,92285.3,92265.12,92283.5
2024-11-26T12:55:53.264,92256.3,92285.1,92266.99,92282.55
2024-11-26T12:55:53.284,92256.5,92286.1,92266.68,92283.7
2024-11-26T12:55:53.304,92256.5,92286.1,92266.51,92283.7
2024-11-26T12:55:53.324,92256.7,92286.3,92266.195,92283.65
2024-11-26T12:55:53.344,92256.6,92286.0,92266.055,92283.59
2024-11-26T12:55:53.364,92257.0,92285.8,92266.06,92282.69
2024-11-26T12:55:53.384,92257.5,92285.9,92266.09,92283.11
2024-11-26T12:55:53.404,92257.6,92286.1,92266.51,92283.61
2024-11-26T12:55:53.424,92257.6,92286.1,92266.516,92283.46
2024-11-26T12:55:53.444,92257.6,92286.1,92266.36,92283.016
2024-11-26T12:55:53.464,92257.6,92286.1,92265.82,92282.35
2024-11-26T12:55:53.484,92256.8,92286.3,92262.74,92279.13
2024-11-26T12:55:53.504,92256.8,92286.1,92263.234,92279.125
2024-11-26T12:55:53.524,92256.7,92286.1,92263.15,92279.15
2024-11-26T12:55:53.544,92256.9,92286.1,92263.25,92279.15
2024-11-26T12:55:53.564,92256.6,92286.0,92261.45,92276.75
2024-11-26T12:55:53.584,92256.5,92286.0,92261.34,92277.76
2024-11-26T12:55:53.604,92256.4,92286.0,92261.25,92277.76
2024-11-26T12:55:53.624,92256.5,92286.0,92261.266,92277.76
2024-11-26T12:55:53.644,92256.5,92286.0,92261.21,92277.76
2024-11-26T12:55:53.664,92256.4,92286.0,92260.27,92277.76
2024-11-26T12:55:53.684,92256.4,92286.0,92259.96,92277.76
2024-11-26T12:55:53.704,92256.2,92286.0,92259.83,92277.76
2024-11-26T12:55:53.724,92256.1,92285.9,92259.65,92277.75
2024-11-26T12:55:53.744,92256.0,92285.9,92259.54,92277.75
2024-11-26T12:55:53.764,92256.1,92285.9,92259.61,92277.75
2024-11-26T12:55:53.844,92256.1,92285.9,92259.61,92277.75
2024-11-26T12:55:53.904,92256.1,92285.9,92259.79,92277.75
2024-11-26T12:55:53.924,92256.2,92285.7,92259.9,92277.63
2024-11-26T12:55:53.964,92255.9,92285.8,92259.86,92277.83
2024-11-26T12:55:53.984,92256.2,92285.8,92260.164,92277.84
2024-11-26T12:55:54.004,92256.2,92285.8,92260.04,92277.84
2024-11-26T12:55:54.024,92256.2,92285.8,92260.06,92277.84
2024-11-26T12:55:54.044,92256.1,92285.8,92260.01,92277.84
2024-11-26T12:55:54.064,92256.0,92285.8,92259.92,92277.84
2024-11-26T12:55:54.084,92256.0,92285.7,92259.945,92277.81
2024-11-26T12:55:54.124,92256.0,92285.7,92259.945,92277.836
2024-11-26T12:55:54.144,92256.0,92285.8,92259.945,92277.86
2024-11-26T12:55:54.204,92256.1,92285.8,92259.98,92277.86
2024-11-26T12:55:54.224,92256.1,92285.8,92261.17,92277.88
2024-11-26T12:55:54.244,92256.1,92285.8,92261.17,92277.93
2024-11-26T12:55:54.284,92256.0,92285.8,92262.68,92277.95
2024-11-26T12:55:54.304,92256.3,92285.8,92264.14,92278.54
2024-11-26T12:55:54.324,92256.5,92285.8,92263.05,92278.336
2024-11-26T12:55:54.344,92256.1,92285.8,92262.15,92278.32
2024-11-26T12:55:54.364,92256.7,92285.8,92261.94,92278.32
2024-11-26T12:55:54.384,92256.5,92285.8,92261.91,92278.31
2024-11-26T12:55:54.404,92256.3,92285.8,92259.766,92278.31
2024-11-26T12:55:54.424,92255.6,92285.6,92258.83,92277.05
2024-11-26T12:55:54.444,92254.6,92284.1,92258.2,92273.24
2024-11-26T12:55:54.464,92254.5,92284.2,92258.266,92274.26
2024-11-26T12:55:54.484,92254.1,92284.2,92257.94,92271.586
2024-11-26T12:55:54.504,92254.8,92284.2,92258.04,92272.55
2024-11-26T12:55:54.524,92254.2,92284.2,92258.055,92272.54
2024-11-26T12:55:54.544,92254.3,92284.2,92258.19,92272.54
2024-11-26T12:55:54.604,92254.1,92284.2,92258.125,92272.54
2024-11-26T12:55:54.624,92254.1,92284.2,92257.984,92272.516
2024-11-26T12:55:54.644,92254.1,92284.2,92257.93,92272.51
2024-11-26T12:55:54.664,92254.2,92284.2,92257.94,92272.51
2024-11-26T12:55:54.684,92254.1,92284.2,92257.92,92272.5
2024-11-26T12:55:54.704,92254.0,92284.2,92257.91,92272.5
2024-11-26T12:55:54.724,92254.1,92284.2,92257.914,92272.5
2024-11-26T12:55:54.764,92254.1,92284.2,92257.914,92272.5
2024-11-26T12:55:54.784,92254.1,92284.2,92257.89,92272.5
2024-11-26T12:55:54.844,92254.1,92284.2,92257.89,92272.52
2024-11-26T12:55:54.864,92254.1,92284.1,92257.914,92272.125
2024-11-26T12:55:54.884,92254.2,92284.1,92258.08,92272.125
2024-11-26T12:55:54.904,92254.3,92284.1,92258.14,92272.125
2024-11-26T12:55:54.924,92254.3,92284.2,92258.14,92272.52
2024-11-26T12:55:54.944,92254.3,92284.2,92258.14,92272.53
2024-11-26T12:55:54.984,92254.3,92284.1,92258.164,92272.14
2024-11-26T12:55:55.024,92254.4,92284.1,92258.2,92272.14
2024-11-26T12:55:55.044,92254.4,92284.2,92258.2,92271.86
2024-11-26T12:55:55.104,92254.4,92284.2,92258.2,92271.86
2024-11-26T12:55:55.144,92254.3,92284.2,92258.04,92271.85
2024-11-26T12:55:55.164,92254.2,92284.2,92257.97,92271.85
2024-11-26T12:55:55.184,92254.2,92284.1,92257.97,92272.03
2024-11-26T12:55:55.204,92253.9,92283.6,92257.8,92269.22
2024-11-26T12:55:55.224,92252.2,92281.8,92254.805,92266.086
2024-11-26T12:55:55.244,92251.9,92281.5,92253.15,92269.91
2024-11-26T12:55:55.264,92252.0,92281.2,92253.195,92269.984
2024-11-26T12:55:55.284,92252.1,92281.5,92253.445,92270.91
2024-11-26T12:55:55.304,92252.2,92281.5,92254.25,92271.74
2024-11-26T12:55:55.324,92252.1,92280.8,92253.586,92270.17
2024-11-26T12:55:55.344,92252.2,92280.8,92254.016,92270.92
2024-11-26T12:55:55.364,92252.2,92280.7,92253.875,92270.55
2024-11-26T12:55:55.384,92252.1,92280.7,92253.45,92270.57
2024-11-26T12:55:55.444,92252.2,92280.7,92254.305,92270.57
2024-11-26T12:55:55.484,92252.2,92280.7,92254.305,92270.65
2024-11-26T12:55:55.504,92252.2,92280.3,92254.266,92265.42
2024-11-26T12:55:55.524,92252.1,92280.3,92253.53,92265.45
2024-11-26T12:55:55.544,92252.1,92280.3,92253.41,92265.42
2024-11-26T12:55:55.564,92252.1,92280.1,92253.41,92265.34
2024-11-26T12:55:55.584,92252.1,92280.1,92253.414,92265.36
2024-11-26T12:55:55.604,92252.1,92280.3,92253.445,92265.43
2024-11-26T12:55:55.624,92252.1,92280.1,92253.445,92265.33
2024-11-26T12:55:55.644,92252.1,92280.1,92253.445,92265.414
2024-11-26T12:55:55.664,92251.8,92278.8,92253.24,92263.7
2024-11-26T12:55:55.684,92252.0,92278.8,92253.43,92264.08
2024-11-26T12:55:55.704,92251.9,92278.9,92253.76,92264.055
2024-11-26T12:55:55.724,92251.9,92278.9,92253.95,92264.07
2024-11-26T12:55:55.744,92251.9,92278.9,92253.984,92264.07
2024-11-26T12:55:55.764,92250.3,92278.4,92252.55,92264.016
2024-11-26T12:55:55.784,92250.3,92278.1,92252.21,92264.484
2024-11-26T12:55:55.804,92250.2,92277.9,92252.03,92264.16
2024-11-26T12:55:55.824,92250.3,92277.7,92252.305,92264.625
2024-11-26T12:55:55.844,92250.2,92277.2,92252.34,92264.3
2024-11-26T12:55:55.864,92250.2,92277.2,92252.25,92264.305
2024-11-26T12:55:55.884,92250.1,92277.2,92252.23,92264.305
2024-11-26T12:55:55.904,92250.1,92277.2,92252.23,92264.34
2024-11-26T12:55:55.924,92250.0,92277.7,92252.19,92264.73
2024-11-26T12:55:55.944,92250.0,92277.2,92252.19,92264.44
2024-11-26T12:55:55.964,92250.0,92277.2,92252.69,92264.47
2024-11-26T12:55:55.984,92250.0,92277.2,92252.53,92264.47
2024-11-26T12:55:56.004,92250.0,92277.2,92252.53,92264.46
2024-11-26T12:55:56.024,92250.0,92277.2,92252.53,92264.555
2024-11-26T12:55:56.044,92250.0,92277.2,92252.53,92264.46
2024-11-26T12:55:56.084,92250.0,92277.7,92252.53,92264.84
2024-11-26T12:55:56.104,92250.0,92277.7,92252.53,92264.805
2024-11-26T12:55:56.144,92250.0,92277.3,92252.54,92264.445
2024-11-26T12:55:56.164,92250.2,92277.3,92252.625,92264.58
2024-11-26T12:55:56.184,92250.2,92277.3,92253.1,92264.77
2024-11-26T12:55:56.204,92250.2,92277.3,92252.68,92264.48
2024-11-26T12:55:56.224,92250.2,92277.8,92252.67,92266.48
2024-11-26T12:55:56.244,92250.2,92277.8,92252.695,92266.48
2024-11-26T12:55:56.264,92250.2,92277.7,92252.695,92264.9
2024-11-26T12:55:56.284,92250.2,92277.2,92252.695,92264.51
2024-11-26T12:55:56.324,92250.2,92277.2,92252.69,92264.51
2024-11-26T12:55:56.344,92250.0,92277.7,92252.51,92264.9
2024-11-26T12:55:56.364,92250.0,92277.7,92252.51,92264.914
2024-11-26T12:55:56.384,92249.8,92277.7,92252.08,92264.9
2024-11-26T12:55:56.404,92249.8,92277.7,92252.07,92264.9
2024-11-26T12:55:56.424,92249.7,92277.2,92252.055,92264.51
2024-11-26T12:55:56.444,92249.7,92277.7,92251.94,92266.2
2024-11-26T12:55:56.464,92249.7,92277.2,92251.875,92266.36
2024-11-26T12:55:56.484,92249.9,92276.9,92251.92,92266.32
2024-11-26T12:55:56.504,92250.0,92276.9,92252.01,92266.336
2024-11-26T12:55:56.524,92250.0,92276.8,92251.99,92266.31
2024-11-26T12:55:56.544,92248.5,92275.9,92251.125,92261.6
2024-11-26T12:55:56.564,92248.3,92275.2,92251.766,92265.195
2024-11-26T12:55:56.584,92248.3,92274.6,92251.81,92265.32
2024-11-26T12:55:56.604,92248.3,92274.6,92251.96,92265.97
2024-11-26T12:55:56.625,92248.3,92274.6,92251.98,92266.01
2024-11-26T12:55:56.644,92248.5,92274.6,92252.46,92266.36
2024-11-26T12:55:56.665,92248.5,92274.6,92252.484,92265.92
2024-11-26T12:55:56.684,92248.6,92275.1,92252.49,92266.64
2024-11-26T12:55:56.704,92248.6,92275.1,92252.49,92266.84
2024-11-26T12:55:56.724,92248.6,92275.1,92252.47,92266.33
2024-11-26T12:55:56.744,92248.6,92275.1,92252.47,92266.375
2024-11-26T12:55:56.784,92248.6,92274.6,92252.54,92266.414
