server_time,best_bid_price,best_ask_price,avg_buy_price,avg_sell_price
2024-11-26T09:43:33.584,92727.2,92756.1,92729.95,92746.28
2024-11-26T09:43:33.604,92727.2,92756.1,92730.28,92746.28
2024-11-26T09:43:33.624,92727.1,92756.1,92730.69,92746.28
2024-11-26T09:43:33.644,92727.1,92756.1,92731.25,92746.28
2024-11-26T09:43:33.664,92727.1,92756.1,92731.664,92746.28
2024-11-26T09:43:33.684,92727.1,92756.1,92731.34,92746.28
2024-11-26T09:43:33.704,92726.9,92756.1,92731.19,92746.28
2024-11-26T09:43:33.724,92726.9,92756.1,92731.12,92746.28
2024-11-26T09:43:33.744,92726.7,92756.1,92732.22,92746.28
2024-11-26T09:43:33.764,92726.7,92756.1,92732.27,92746.28
2024-11-26T09:43:33.784,92726.7,92756.1,92732.27,92746.27
2024-11-26T09:43:33.804,92726.7,92756.1,92732.1,92746.27
2024-11-26T09:43:33.824,92726.7,92756.1,92732.445,92746.16
2024-11-26T09:43:33.844,92726.7,92756.1,92731.63,92746.195
2024-11-26T09:43:33.864,92726.7,92756.1,92732.37,92746.195
2024-11-26T09:43:33.884,92726.7,92756.1,92732.54,92746.195
2024-11-26T09:43:33.904,92726.7,92756.1,92732.516,92746.195
2024-11-26T09:43:33.924,92726.7,92756.1,92731.22,92746.195
2024-11-26T09:43:33.944,92726.7,92756.1,92731.87,92746.195
2024-11-26T09:43:33.964,92726.7,92756.1,92730.51,92746.195
2024-11-26T09:43:33.984,92726.7,92756.1,92730.5,92746.36
2024-11-26T09:43:34.004,92726.7,92756.1,92730.72,92746.38
2024-11-26T09:43:34.024,92726.7,92756.1,92730.6,92746.38
2024-11-26T09:43:34.044,92726.7,92756.1,92730.31,92746.38
2024-11-26T09:43:34.064,92726.7,92756.1,92730.27,92746.38
2024-11-26T09:43:34.084,92726.7,92756.1,92730.47,92746.38
2024-11-26T09:43:34.104,92726.7,92756.1,92731.445,92746.38
2024-11-26T09:43:34.124,92726.7,92756.1,92731.02,92746.38
2024-11-26T09:43:34.144,92726.7,92756.1,92729.91,92745.484
2024-11-26T09:43:34.164,92726.0,92756.1,92729.65,92743.36
2024-11-26T09:43:34.184,92725.6,92756.1,92728.836,92743.54
2024-11-26T09:43:34.204,92725.6,92756.1,92728.83,92743.84
2024-11-26T09:43:34.224,92725.6,92756.1,92728.83,92743.84
2024-11-26T09:43:34.244,92725.6,92756.1,92728.836,92743.836
2024-11-26T09:43:34.264,92725.6,92756.1,92728.81,92743.83
2024-11-26T09:43:34.284,92725.6,92756.1,92728.94,92743.83
2024-11-26T09:43:34.304,92725.6,92756.1,92729.1,92743.83
2024-11-26T09:43:34.324,92725.6,92756.1,92729.18,92743.83
2024-11-26T09:43:34.344,92725.6,92756.1,92729.836,92744.055
2024-11-26T09:43:34.364,92725.2,92756.1,92730.47,92744.04
2024-11-26T09:43:34.384,92725.2,92756.1,92732.984,92744.22
2024-11-26T09:43:34.404,92725.2,92756.1,92732.336,92744.11
2024-11-26T09:43:34.424,92725.0,92756.1,92732.836,92744.33
2024-11-26T09:43:34.444,92725.0,92756.1,92732.44,92744.055
2024-11-26T09:43:34.464,92724.9,92756.1,92731.52,92744.44
2024-11-26T09:43:34.485,92724.9,92756.1,92732.16,92744.72
2024-11-26T09:43:34.504,92724.9,92756.1,92732.3,92744.484
2024-11-26T09:43:34.525,92724.9,92756.1,92731.83,92744.36
2024-11-26T09:43:34.544,92724.9,92756.1,92731.945,92744.37
2024-11-26T09:43:34.565,92724.9,92756.1,92731.94,92744.38
2024-11-26T09:43:34.584,92724.9,92756.1,92731.96,92744.52
2024-11-26T09:43:34.604,92724.9,92756.1,92731.984,92744.57
2024-11-26T09:43:34.624,92724.9,92756.1,92732.33,92744.98
2024-11-26T09:43:34.644,92724.9,92756.1,92732.305,92745.13
2024-11-26T09:43:34.664,92724.9,92756.1,92732.266,92745.195
2024-11-26T09:43:34.684,92724.9,92756.1,92732.234,92745.195
2024-11-26T09:43:34.724,92724.9,92756.1,92732.27,92744.94
2024-11-26T09:43:34.745,92724.9,92756.1,92732.3,92744.875
2024-11-26T09:43:34.764,92724.9,92756.1,92731.79,92744.38
2024-11-26T09:43:34.784,92724.9,92756.1,92731.75,92744.17
2024-11-26T09:43:34.805,92724.9,92756.1,92731.43,92744.16
2024-11-26T09:43:34.825,92724.9,92756.1,92731.27,92744.38
2024-11-26T09:43:34.844,92724.9,92756.1,92731.484,92744.18
2024-11-26T09:43:34.864,92724.9,92756.1,92731.484,92744.23
2024-11-26T09:43:34.884,92724.9,92756.1,92731.23,92744.44
2024-11-26T09:43:34.905,92724.9,92756.1,92731.74,92744.28
2024-11-26T09:43:34.925,92724.9,92756.1,92731.664,92744.26
2024-11-26T09:43:34.944,92724.9,92756.1,92731.95,92744.47
2024-11-26T09:43:34.964,92724.9,92756.1,92731.695,92743.92
2024-11-26T09:43:34.984,92724.9,92756.1,92732.35,92743.94
2024-11-26T09:43:35.004,92724.9,92756.1,92732.24,92744.664
2024-11-26T09:43:35.024,92724.9,92756.6,92732.625,92745.19
2024-11-26T09:43:35.045,92724.9,92756.6,92731.89,92743.96
2024-11-26T09:43:35.065,92724.9,92756.6,92732.36,92743.96
2024-11-26T09:43:35.084,92724.9,92756.6,92732.39,92743.96
2024-11-26T09:43:35.104,92724.9,92756.6,92732.39,92743.98
2024-11-26T09:43:35.125,92724.9,92756.6,92731.65,92743.98
2024-11-26T09:43:35.145,92724.9,92756.6,92732.26,92743.98
2024-11-26T09:43:35.164,92724.9,92756.6,92731.695,92743.984
2024-11-26T09:43:35.184,92724.9,92756.6,92732.25,92743.984
2024-11-26T09:43:35.224,92724.9,92756.6,92731.44,92743.984
2024-11-26T09:43:35.244,92724.9,92756.6,92731.42,92743.984
2024-11-26T09:43:35.264,92724.9,92756.6,92731.055,92743.984
2024-11-26T09:43:35.284,92724.9,92756.6,92731.38,92743.984
2024-11-26T09:43:35.304,92724.9,92756.6,92731.42,92743.984
2024-11-26T09:43:35.324,92724.9,92756.6,92731.16,92743.984
2024-11-26T09:43:35.344,92724.9,92756.6,92731.54,92743.984
2024-11-26T09:43:35.364,92724.9,92756.6,92731.54,92743.984
2024-11-26T09:43:35.384,92724.9,92756.6,92731.54,92744.0
2024-11-26T09:43:35.425,92724.9,92756.6,92731.836,92744.0
2024-11-26T09:43:35.444,92724.9,92756.6,92731.55,92744.0
2024-11-26T09:43:35.464,92724.9,92756.6,92731.55,92744.04
2024-11-26T09:43:35.484,92724.9,92756.8,92731.45,92744.09
2024-11-26T09:43:35.504,92724.9,92756.8,92731.53,92744.08
2024-11-26T09:43:35.524,92724.9,92756.8,92731.84,92744.08
2024-11-26T09:43:35.544,92724.9,92756.8,92731.84,92744.08
2024-11-26T09:43:35.565,92724.9,92756.8,92731.49,92744.08
2024-11-26T09:43:35.584,92724.9,92756.8,92731.58,92744.08
2024-11-26T09:43:35.604,92724.9,92756.8,92731.555,92744.01
2024-11-26T09:43:35.625,92724.9,92756.8,92731.23,92744.01
2024-11-26T09:43:35.645,92724.9,92756.8,92731.06,92744.01
2024-11-26T09:43:35.664,92724.9,92756.8,92731.1,92744.01
2024-11-26T09:43:35.684,92724.9,92756.8,92731.29,92744.01
2024-11-26T09:43:35.705,92724.9,92756.8,92731.29,92744.03
2024-11-26T09:43:35.724,92724.9,92756.8,92732.0,92744.03
2024-11-26T09:43:35.745,92724.9,92756.8,92732.35,92744.03
2024-11-26T09:43:35.765,92724.9,92756.9,92732.62,92744.664
2024-11-26T09:43:35.784,92724.9,92757.0,92733.03,92744.53
2024-11-26T09:43:35.804,92724.9,92757.0,92732.86,92744.55
2024-11-26T09:43:35.824,92724.9,92757.0,92732.83,92745.266
2024-11-26T09:43:35.844,92724.9,92757.0,92732.984,92745.266
2024-11-26T09:43:35.864,92724.9,92757.0,92732.984,92745.28
2024-11-26T09:43:35.884,92724.9,92757.0,92733.31,92745.28
2024-11-26T09:43:35.904,92724.9,92757.0,92733.34,92744.88
2024-11-26T09:43:35.924,92724.9,92758.1,92735.62,92749.74
2024-11-26T09:43:35.944,92724.9,92758.1,92736.37,92749.7
2024-11-26T09:43:35.964,92724.9,92758.8,92736.0,92749.73
2024-11-26T09:43:35.984,92724.9,92758.8,92736.25,92749.555
2024-11-26T09:43:36.004,92724.9,92758.8,92737.24,92748.95
2024-11-26T09:43:36.024,92724.9,92758.8,92737.53,92748.95
2024-11-26T09:43:36.044,92724.9,92758.8,92738.445,92749.54
2024-11-26T09:43:36.064,92724.9,92758.9,92740.7,92749.18
2024-11-26T09:43:36.084,92724.9,92759.0,92740.34,92749.61
2024-11-26T09:43:36.104,92724.9,92759.2,92740.28,92750.63
2024-11-26T09:43:36.124,92724.9,92759.2,92740.44,92750.62
2024-11-26T09:43:36.144,92724.9,92759.2,92739.805,92750.63
2024-11-26T09:43:36.164,92724.9,92759.2,92739.805,92750.625
2024-11-26T09:43:36.184,92724.9,92759.2,92739.805,92750.625
2024-11-26T09:43:36.204,92724.9,92759.2,92739.805,92750.45
2024-11-26T09:43:36.224,92724.9,92759.2,92739.305,92750.56
2024-11-26T09:43:36.244,92724.9,92759.2,92739.12,92750.63
2024-11-26T09:43:36.264,92724.9,92759.4,92738.23,92751.555
2024-11-26T09:43:36.284,92724.9,92759.4,92739.04,92751.766
2024-11-26T09:43:36.304,92724.9,92759.4,92738.07,92750.82
2024-11-26T09:43:36.324,92724.9,92759.4,92738.17,92751.23
2024-11-26T09:43:36.344,92724.9,92759.4,92738.99,92751.23
2024-11-26T09:43:36.364,92724.9,92759.4,92739.89,92750.984
2024-11-26T09:43:36.384,92724.9,92759.4,92739.17,92749.88
2024-11-26T09:43:36.404,92724.9,92759.4,92739.055,92749.88
2024-11-26T09:43:36.424,92724.9,92759.4,92739.2,92749.9
2024-11-26T09:43:36.444,92724.9,92759.4,92739.2,92749.9
2024-11-26T09:43:36.465,92724.9,92759.4,92737.77,92750.26
2024-11-26T09:43:36.484,92724.9,92759.4,92738.68,92750.18
2024-11-26T09:43:36.504,92724.9,92759.4,92738.266,92750.336
2024-11-26T09:43:36.524,92724.9,92759.4,92739.28,92750.336
2024-11-26T09:43:36.544,92724.9,92759.4,92739.68,92750.336
2024-11-26T09:43:36.564,92724.9,92759.4,92740.28,92750.336
2024-11-26T09:43:36.584,92724.9,92759.4,92740.25,92750.336
2024-11-26T09:43:36.604,92724.9,92759.4,92739.34,92750.336
2024-11-26T09:43:36.625,92724.9,92759.4,92739.3,92750.805
2024-11-26T09:43:36.644,92724.9,92759.4,92739.3,92750.805
2024-11-26T09:43:36.664,92724.9,92759.4,92739.37,92750.805
2024-11-26T09:43:36.685,92724.9,92759.4,92739.37,92750.805
2024-11-26T09:43:36.724,92724.9,92759.4,92740.48,92750.78
2024-11-26T09:43:36.764,92724.9,92759.4,92740.47,92750.79
2024-11-26T09:43:36.784,92724.9,92759.4,92740.484,92750.79
2024-11-26T09:43:36.804,92724.9,92759.4,92740.07,92750.97
2024-11-26T09:43:36.824,92724.9,92759.4,92739.93,92750.98
2024-11-26T09:43:36.844,92724.9,92759.4,92739.94,92750.98
2024-11-26T09:43:36.864,92724.9,92759.4,92740.086,92750.84
2024-11-26T09:43:36.884,92724.9,92759.4,92739.76,92750.08
2024-11-26T09:43:36.904,92724.9,92759.4,92738.56,92749.41
2024-11-26T09:43:36.925,92724.9,92759.4,92738.66,92750.055
2024-11-26T09:43:36.944,92724.9,92759.4,92738.03,92750.055
2024-11-26T09:43:36.964,92724.9,92759.4,92738.23,92750.055
2024-11-26T09:43:36.985,92724.9,92759.4,92738.17,92750.055
2024-11-26T09:43:37.004,92724.9,92759.4,92739.05,92750.055
2024-11-26T09:43:37.024,92724.9,92759.4,92739.01,92750.04
2024-11-26T09:43:37.045,92724.9,92759.4,92739.07,92749.99
2024-11-26T09:43:37.064,92724.9,92759.4,92739.06,92749.99
2024-11-26T09:43:37.084,92724.9,92759.4,92739.02,92749.99
2024-11-26T09:43:37.104,92724.9,92759.4,92738.695,92749.99
2024-11-26T09:43:37.124,92724.9,92759.4,92738.695,92750.0
2024-11-26T09:43:37.145,92724.9,92759.4,92738.92,92749.945
2024-11-26T09:43:37.165,92724.9,92759.4,92738.77,92749.945
2024-11-26T09:43:37.184,92724.9,92759.4,92738.74,92749.945
2024-11-26T09:43:37.204,92724.9,92759.4,92739.14,92750.15
2024-11-26T09:43:37.224,92724.9,92759.4,92739.14,92750.18
2024-11-26T09:43:37.244,92724.9,92759.4,92739.14,92750.31
2024-11-26T09:43:37.265,92724.9,92759.4,92739.39,92750.33
2024-11-26T09:43:37.285,92724.9,92759.4,92739.38,92750.33
2024-11-26T09:43:37.305,92724.9,92759.4,92739.38,92750.3
2024-11-26T09:43:37.325,92724.9,92759.4,92739.28,92750.16
2024-11-26T09:43:37.344,92724.9,92759.4,92739.63,92750.3
2024-11-26T09:43:37.364,92724.9,92759.4,92739.64,92750.45
2024-11-26T09:43:37.384,92724.9,92759.4,92739.64,92750.35
2024-11-26T09:43:37.424,92724.9,92759.4,92739.68,92750.35
2024-11-26T09:43:37.444,92724.9,92759.4,92739.445,92750.35
2024-11-26T09:43:37.465,92724.9,92759.4,92739.44,92750.35
2024-11-26T09:43:37.505,92724.9,92759.4,92739.81,92750.38
2024-11-26T09:43:37.524,92724.9,92759.4,92739.59,92750.41
2024-11-26T09:43:37.544,92724.9,92759.4,92739.59,92750.41
2024-11-26T09:43:37.564,92724.9,92759.4,92739.6,92750.41
2024-11-26T09:43:37.585,92724.9,92759.4,92739.76,92750.41
2024-11-26T09:43:37.604,92724.9,92759.4,92739.73,92750.38
2024-11-26T09:43:37.624,92724.9,92759.4,92739.73,92750.49
2024-11-26T09:43:37.664,92724.9,92759.4,92739.76,92750.53
2024-11-26T09:43:37.684,92724.9,92762.3,92743.91,92759.22
2024-11-26T09:43:37.704,92724.9,92763.1,92752.24,92759.49
2024-11-26T09:43:37.724,92724.9,92764.8,92751.2,92761.1
2024-11-26T09:43:37.744,92724.9,92770.2,92755.445,92764.805
2024-11-26T09:43:37.764,92724.9,92775.1,92754.805,92771.69
2024-11-26T09:43:37.784,92724.9,92778.1,92762.15,92775.18
2024-11-26T09:43:37.804,92724.9,92780.0,92762.445,92777.24
2024-11-26T09:43:37.824,92724.9,92781.4,92761.625,92777.57
2024-11-26T09:43:37.844,92724.9,92781.7,92762.266,92777.47
2024-11-26T09:43:37.864,92724.9,92781.7,92763.25,92773.75
2024-11-26T09:43:37.884,92724.9,92781.7,92764.97,92774.65
2024-11-26T09:43:37.904,92724.9,92781.7,92764.92,92774.28
2024-11-26T09:43:37.924,92724.9,92781.7,92764.66,92773.96
2024-11-26T09:43:37.944,92724.9,92781.7,92765.414,92773.57
2024-11-26T09:43:37.964,92724.9,92781.7,92764.87,92771.36
2024-11-26T09:43:37.984,92724.9,92781.7,92762.516,92771.625
2024-11-26T09:43:38.004,92724.9,92781.8,92763.586,92771.37
2024-11-26T09:43:38.024,92724.9,92781.8,92762.97,92771.27
2024-11-26T09:43:38.044,92724.9,92781.8,92764.445,92771.12
2024-11-26T09:43:38.064,92724.9,92781.8,92760.516,92770.97
2024-11-26T09:43:38.084,92724.9,92781.8,92760.24,92770.97
2024-11-26T09:43:38.104,92724.9,92781.8,92759.12,92770.92
2024-11-26T09:43:38.124,92724.9,92781.8,92758.805,92771.0
2024-11-26T09:43:38.145,92724.9,92781.8,92763.305,92771.2
2024-11-26T09:43:38.165,92724.9,92781.8,92763.21,92771.12
2024-11-26T09:43:38.184,92724.9,92781.8,92761.51,92771.23
2024-11-26T09:43:38.204,92724.9,92781.8,92763.65,92771.62
2024-11-26T09:43:38.224,92724.9,92781.8,92763.71,92771.445
2024-11-26T09:43:38.244,92724.9,92781.8,92763.65,92772.32
2024-11-26T09:43:38.264,92724.9,92781.8,92764.914,92771.94
2024-11-26T09:43:38.284,92724.9,92781.8,92763.766,92771.94
2024-11-26T09:43:38.304,92724.9,92781.8,92762.81,92771.94
2024-11-26T09:43:38.325,92724.9,92781.8,92763.49,92770.695
2024-11-26T09:43:38.344,92724.9,92781.8,92762.664,92770.54
2024-11-26T09:43:38.364,92724.9,92781.8,92763.12,92770.94
2024-11-26T09:43:38.384,92724.9,92781.8,92763.04,92771.01
2024-11-26T09:43:38.404,92724.9,92781.8,92762.84,92771.01
2024-11-26T09:43:38.424,92724.9,92781.8,92762.29,92770.664
2024-11-26T09:43:38.444,92724.9,92781.8,92763.16,92770.93
2024-11-26T09:43:38.464,92724.9,92781.8,92762.445,92770.08
2024-11-26T09:43:38.484,92724.9,92781.8,92758.85,92769.88
2024-11-26T09:43:38.504,92724.9,92781.8,92758.766,92770.414
2024-11-26T09:43:38.524,92724.9,92781.8,92757.28,92770.04
2024-11-26T09:43:38.544,92724.9,92781.8,92757.8,92769.85
2024-11-26T09:43:38.564,92724.9,92781.8,92757.92,92769.86
2024-11-26T09:43:38.584,92724.9,92781.8,92757.836,92769.86
2024-11-26T09:43:38.604,92724.9,92781.8,92757.38,92769.836
2024-11-26T09:43:38.624,92724.9,92781.8,92757.414,92770.12
2024-11-26T09:43:38.644,92724.9,92781.8,92757.59,92770.23
2024-11-26T09:43:38.664,92724.9,92781.8,92757.59,92770.23
2024-11-26T09:43:38.684,92724.9,92781.8,92757.484,92770.23
2024-11-26T09:43:38.704,92724.9,92781.8,92753.4,92763.16
2024-11-26T09:43:38.724,92724.9,92781.8,92743.77,92760.125
2024-11-26T09:43:38.744,92724.9,92781.8,92744.83,92760.7
2024-11-26T09:43:38.764,92724.9,92781.8,92744.96,92762.266
2024-11-26T09:43:38.784,92724.9,92781.8,92745.53,92762.74
2024-11-26T09:43:38.804,92724.9,92781.8,92748.61,92763.445
2024-11-26T09:43:38.824,92724.9,92781.8,92747.734,92763.19
2024-11-26T09:43:38.844,92724.9,92781.8,92747.86,92763.83
2024-11-26T09:43:38.864,92724.9,92781.8,92747.23,92763.83
2024-11-26T09:43:38.884,92724.9,92781.8,92746.45,92763.83
2024-11-26T09:43:38.904,92724.9,92781.8,92744.34,92764.0
2024-11-26T09:43:38.924,92724.9,92781.8,92744.38,92763.74
2024-11-26T09:43:38.944,92724.9,92781.8,92744.72,92763.74
2024-11-26T09:43:38.964,92724.9,92781.8,92744.18,92763.73
2024-11-26T09:43:38.984,92724.9,92781.8,92744.2,92763.42
2024-11-26T09:43:39.004,92724.9,92781.8,92743.57,92757.82
2024-11-26T09:43:39.024,92724.9,92781.8,92740.47,92752.83
2024-11-26T09:43:39.044,92724.9,92781.8,92738.94,92748.664
2024-11-26T09:43:39.064,92724.9,92781.8,92738.81,92751.08
2024-11-26T09:43:39.084,92724.9,92781.8,92737.41,92748.78
2024-11-26T09:43:39.104,92724.9,92781.8,92736.914,92749.23
2024-11-26T09:43:39.124,92724.9,92781.8,92736.87,92748.82
2024-11-26T09:43:39.144,92724.9,92781.8,92736.18,92745.484
2024-11-26T09:43:39.164,92724.9,92781.8,92736.66,92745.94
2024-11-26T09:43:39.184,92724.9,92781.8,92736.66,92746.32
2024-11-26T09:43:39.204,92724.9,92781.8,92736.67,92747.19
2024-11-26T09:43:39.224,92724.9,92781.8,92736.71,92748.375
2024-11-26T09:43:39.244,92724.9,92781.8,92736.68,92749.64
2024-11-26T09:43:39.264,92724.9,92781.8,92736.59,92749.56
2024-11-26T09:43:39.284,92724.9,92781.8,92735.14,92748.89
2024-11-26T09:43:39.304,92724.9,92781.8,92735.04,92749.32
2024-11-26T09:43:39.324,92724.9,92781.8,92734.88,92749.43
2024-11-26T09:43:39.344,92724.9,92781.8,92735.32,92749.78
2024-11-26T09:43:39.364,92724.9,92781.8,92734.49,92749.664
2024-11-26T09:43:39.384,92724.9,92781.8,92734.36,92749.125
2024-11-26T09:43:39.405,92724.9,92781.8,92734.16,92748.914
2024-11-26T09:43:39.424,92724.9,92781.8,92733.89,92748.91
2024-11-26T09:43:39.445,92724.9,92781.8,92734.24,92749.28
2024-11-26T09:43:39.464,92724.9,92781.8,92734.62,92749.8
2024-11-26T09:43:39.484,92724.9,92781.8,92734.64,92749.8
2024-11-26T09:43:39.504,92724.9,92781.8,92734.64,92749.63
2024-11-26T09:43:39.524,92724.9,92781.8,92734.484,92752.81
2024-11-26T09:43:39.544,92724.9,92781.8,92734.92,92753.17
2024-11-26T09:43:39.564,92724.9,92781.8,92734.766,92753.17
2024-11-26T09:43:39.584,92724.9,92781.8,92734.766,92753.14
2024-11-26T09:43:39.604,92724.9,92781.8,92739.99,92754.945
2024-11-26T09:43:39.624,92724.9,92781.8,92740.914,92752.305
2024-11-26T09:43:39.644,92724.9,92781.8,92740.14,92751.87
2024-11-26T09:43:39.665,92724.9,92781.8,92740.59,92752.016
2024-11-26T09:43:39.685,92724.9,92781.8,92742.42,92752.04
2024-11-26T09:43:39.704,92724.9,92781.8,92740.34,92751.98
2024-11-26T09:43:39.724,92724.9,92781.8,92743.18,92751.98
2024-11-26T09:43:39.745,92724.9,92781.8,92743.305,92751.97
2024-11-26T09:43:39.764,92724.9,92781.8,92743.38,92752.12
2024-11-26T09:43:39.785,92724.9,92781.8,92743.66,92752.84
2024-11-26T09:43:39.804,92724.9,92781.8,92743.66,92753.4
2024-11-26T09:43:39.824,92724.9,92781.8,92743.66,92754.22
2024-11-26T09:43:39.844,92724.9,92781.8,92743.66,92754.31
2024-11-26T09:43:39.864,92724.9,92781.8,92743.66,92754.22
2024-11-26T09:43:39.885,92724.9,92781.8,92743.65,92754.22
2024-11-26T09:43:39.904,92724.9,92781.8,92743.65,92753.96
2024-11-26T09:43:39.924,92724.9,92781.8,92745.22,92763.52
2024-11-26T09:43:39.945,92724.9,92781.8,92747.52,92766.84
2024-11-26T09:43:39.964,92724.9,92781.8,92750.516,92766.19
2024-11-26T09:43:39.984,92724.9,92781.8,92749.63,92765.92
2024-11-26T09:43:40.004,92724.9,92781.8,92749.39,92766.07
2024-11-26T09:43:40.024,92724.9,92781.8,92750.06,92767.16
2024-11-26T09:43:40.044,92724.9,92781.8,92751.61,92767.13
2024-11-26T09:43:40.064,92724.9,92781.8,92750.93,92767.484
2024-11-26T09:43:40.084,92724.9,92781.8,92750.914,92767.31
2024-11-26T09:43:40.104,92724.9,92781.8,92750.96,92767.836
2024-11-26T09:43:40.124,92724.9,92781.8,92751.38,92767.97
2024-11-26T09:43:40.144,92724.9,92781.8,92753.02,92768.78
2024-11-26T09:43:40.165,92724.9,92781.8,92751.79,92768.82
2024-11-26T09:43:40.184,92724.9,92781.8,92758.55,92768.95
2024-11-26T09:43:40.204,92724.9,92781.8,92758.016,92768.54
2024-11-26T09:43:40.224,92724.9,92781.8,92758.87,92767.984
2024-11-26T09:43:40.245,92724.9,92781.8,92757.51,92767.97
2024-11-26T09:43:40.265,92724.9,92781.8,92758.88,92768.08
2024-11-26T09:43:40.285,92724.9,92781.8,92756.82,92768.26
2024-11-26T09:43:40.304,92724.9,92781.8,92757.516,92768.25
2024-11-26T09:43:40.324,92724.9,92781.8,92757.414,92768.055
2024-11-26T09:43:40.344,92724.9,92781.8,92757.414,92768.21
2024-11-26T09:43:40.364,92724.9,92781.8,92757.3,92768.414
2024-11-26T09:43:40.387,92724.9,92781.8,92757.3,92768.24
2024-11-26T09:43:40.404,92724.9,92781.8,92757.3,92768.1
2024-11-26T09:43:40.424,92724.9,92781.8,92757.26,92768.234
2024-11-26T09:43:40.444,92724.9,92781.8,92756.805,92768.234
2024-11-26T09:43:40.464,92724.9,92781.8,92756.81,92768.75
2024-11-26T09:43:40.484,92724.9,92781.8,92756.055,92768.72
2024-11-26T09:43:40.504,92724.9,92781.8,92755.875,92768.68
2024-11-26T09:43:40.524,92724.9,92781.8,92756.38,92769.01
2024-11-26T09:43:40.544,92724.9,92781.8,92756.15,92769.01
2024-11-26T09:43:40.564,92724.9,92781.8,92756.34,92768.7
2024-11-26T09:43:40.584,92724.9,92781.8,92755.805,92768.516
2024-11-26T09:43:40.604,92724.9,92781.8,92755.8,92768.66
2024-11-26T09:43:40.625,92724.9,92781.8,92755.98,92768.65
2024-11-26T09:43:40.645,92724.9,92781.8,92755.94,92768.65
2024-11-26T09:43:40.664,92724.9,92781.8,92755.94,92768.64
2024-11-26T09:43:40.684,92724.9,92781.8,92755.93,92768.64
2024-11-26T09:43:40.704,92724.9,92781.8,92755.93,92768.64
2024-11-26T09:43:40.724,92724.9,92781.8,92755.95,92768.64
2024-11-26T09:43:40.745,92724.9,92781.8,92755.93,92768.64
2024-11-26T09:43:40.764,92724.9,92781.8,92756.555,92769.055
2024-11-26T09:43:40.784,92724.9,92781.8,92756.57,92769.47
2024-11-26T09:43:40.804,92724.9,92781.8,92756.516,92769.51
2024-11-26T09:43:40.824,92724.9,92781.8,92756.72,92769.375
2024-11-26T09:43:40.844,92724.9,92781.8,92756.54,92769.17
2024-11-26T09:43:40.865,92724.9,92781.8,92756.79,92769.11
2024-11-26T09:43:40.885,92724.9,92781.8,92756.88,92768.66
2024-11-26T09:43:40.904,92724.9,92781.8,92756.92,92768.64
2024-11-26T09:43:40.924,92724.9,92781.8,92756.94,92767.555
2024-11-26T09:43:40.944,92724.9,92781.8,92756.92,92767.555
2024-11-26T09:43:40.985,92724.9,92781.8,92756.92,92767.625
2024-11-26T09:43:41.024,92724.9,92781.8,92756.586,92767.625
2024-11-26T09:43:41.044,92724.9,92781.8,92756.586,92767.61
2024-11-26T09:43:41.084,92724.9,92781.8,92756.81,92767.61
2024-11-26T09:43:41.104,92724.9,92781.8,92756.86,92767.69
2024-11-26T09:43:41.125,92724.9,92781.8,92756.8,92767.64
2024-11-26T09:43:41.144,92724.9,92781.8,92756.03,92768.57
2024-11-26T09:43:41.164,92724.9,92781.8,92754.586,92768.56
2024-11-26T09:43:41.184,92724.9,92781.8,92754.76,92766.414
2024-11-26T09:43:41.204,92724.9,92781.8,92753.93,92766.52
2024-11-26T09:43:41.224,92724.9,92781.8,92753.516,92766.7
2024-11-26T09:43:41.244,92724.9,92781.8,92752.375,92765.56
2024-11-26T09:43:41.265,92724.9,92781.8,92751.1,92764.414
2024-11-26T09:43:41.284,92724.9,92781.8,92748.3,92762.38
2024-11-26T09:43:41.304,92724.9,92781.8,92748.85,92760.63
2024-11-26T09:43:41.324,92724.9,92781.8,92747.49,92765.805
2024-11-26T09:43:41.344,92724.9,92781.8,92748.016,92765.195
2024-11-26T09:43:41.364,92724.9,92781.8,92747.86,92766.234
2024-11-26T09:43:41.384,92724.9,92781.8,92748.01,92765.086
2024-11-26T09:43:41.404,92724.9,92781.8,92747.78,92765.49
2024-11-26T09:43:41.424,92724.9,92781.8,92747.78,92765.09
2024-11-26T09:43:41.444,92724.9,92781.8,92747.79,92766.63
2024-11-26T09:43:41.464,92724.9,92781.8,92748.19,92767.195
2024-11-26T09:43:41.484,92724.9,92781.8,92748.945,92767.21
2024-11-26T09:43:41.504,92724.9,92781.8,92748.82,92767.31
2024-11-26T09:43:41.524,92724.9,92781.8,92752.38,92767.72
2024-11-26T09:43:41.544,92724.9,92781.8,92749.85,92766.44
2024-11-26T09:43:41.564,92724.9,92781.8,92750.01,92766.445
2024-11-26T09:43:41.584,92724.9,92781.8,92750.01,92766.445
2024-11-26T09:43:41.604,92724.9,92781.8,92750.016,92766.69
2024-11-26T09:43:41.625,92724.9,92781.8,92750.25,92766.65
2024-11-26T09:43:41.644,92724.9,92781.8,92750.234,92766.65
2024-11-26T09:43:41.664,92724.9,92781.8,92750.234,92766.66
2024-11-26T09:43:41.685,92724.9,92781.8,92750.24,92766.55
2024-11-26T09:43:41.704,92724.9,92781.8,92750.25,92766.55
2024-11-26T09:43:41.724,92724.9,92781.8,92750.266,92766.55
2024-11-26T09:43:41.764,92724.9,92781.8,92750.25,92766.66
2024-11-26T09:43:41.784,92724.9,92781.8,92750.445,92767.02
2024-11-26T09:43:41.804,92724.9,92781.8,92750.44,92767.18
2024-11-26T09:43:41.824,92724.9,92781.8,92750.61,92769.05
2024-11-26T09:43:41.844,92724.9,92781.8,92756.15,92768.8
2024-11-26T09:43:41.865,92724.9,92781.8,92752.9,92768.82
2024-11-26T09:43:41.885,92724.9,92781.8,92751.81,92768.82
2024-11-26T09:43:41.904,92724.9,92781.8,92751.695,92768.82
2024-11-26T09:43:41.924,92724.9,92781.8,92750.234,92768.81
2024-11-26T09:43:41.944,92724.9,92781.8,92753.94,92768.78
2024-11-26T09:43:41.964,92724.9,92781.8,92749.6,92768.78
2024-11-26T09:43:41.984,92724.9,92781.8,92749.586,92768.78
2024-11-26T09:43:42.004,92724.9,92781.8,92749.4,92768.78
2024-11-26T09:43:42.024,92724.9,92781.8,92749.11,92768.78
2024-11-26T09:43:42.044,92724.9,92781.8,92749.08,92768.78
2024-11-26T09:43:42.064,92724.9,92781.8,92749.68,92768.78
2024-11-26T09:43:42.085,92724.9,92781.8,92749.43,92768.78
2024-11-26T09:43:42.104,92724.9,92781.8,92749.64,92768.78
2024-11-26T09:43:42.124,92724.9,92781.8,92749.96,92768.78
2024-11-26T09:43:42.145,92724.9,92781.8,92750.266,92768.79
2024-11-26T09:43:42.164,92724.9,92781.8,92750.46,92768.805
2024-11-26T09:43:42.185,92724.9,92781.8,92751.36,92768.81
2024-11-26T09:43:42.204,92724.9,92781.8,92751.375,92768.81
2024-11-26T09:43:42.225,92724.9,92781.8,92751.4,92768.81
2024-11-26T09:43:42.245,92724.9,92781.8,92753.78,92769.12
2024-11-26T09:43:42.264,92724.9,92781.8,92756.19,92769.13
2024-11-26T09:43:42.284,92724.9,92781.8,92755.9,92769.016
2024-11-26T09:43:42.304,92724.9,92781.8,92755.89,92769.18
2024-11-26T09:43:42.324,92724.9,92781.8,92756.24,92769.18
2024-11-26T09:43:42.344,92724.9,92781.8,92755.88,92768.93
2024-11-26T09:43:42.364,92724.9,92781.8,92755.625,92769.28
2024-11-26T09:43:42.384,92724.9,92781.8,92757.21,92768.836
2024-11-26T09:43:42.405,92724.9,92781.8,92756.94,92768.805
2024-11-26T09:43:42.424,92724.9,92781.8,92756.22,92768.664
2024-11-26T09:43:42.444,92724.9,92781.8,92756.48,92768.49
2024-11-26T09:43:42.465,92724.9,92781.8,92757.77,92768.49
2024-11-26T09:43:42.484,92724.9,92781.8,92757.22,92768.49
2024-11-26T09:43:42.504,92724.9,92781.8,92757.29,92768.93
2024-11-26T09:43:42.524,92724.9,92781.8,92757.445,92769.086
2024-11-26T09:43:42.544,92724.9,92781.8,92757.48,92769.086
2024-11-26T09:43:42.564,92724.9,92781.8,92757.67,92768.96
2024-11-26T09:43:42.584,92724.9,92781.8,92757.695,92768.96
2024-11-26T09:43:42.604,92724.9,92781.8,92757.62,92768.96
2024-11-26T09:43:42.624,92724.9,92781.8,92757.26,92768.96
2024-11-26T09:43:42.644,92724.9,92781.8,92757.04,92768.52
2024-11-26T09:43:42.664,92724.9,92781.8,92756.836,92768.52
2024-11-26T09:43:42.685,92724.9,92781.8,92757.29,92768.52
2024-11-26T09:43:42.705,92724.9,92781.8,92757.445,92769.445
2024-11-26T09:43:42.724,92724.9,92781.8,92757.664,92769.445
2024-11-26T09:43:42.744,92724.9,92781.8,92755.68,92769.06
2024-11-26T09:43:42.764,92724.9,92781.8,92754.02,92769.016
2024-11-26T09:43:42.784,92724.9,92781.8,92753.45,92769.03
2024-11-26T09:43:42.804,92724.9,92781.8,92753.13,92769.03
2024-11-26T09:43:42.824,92724.9,92781.8,92752.57,92768.31
2024-11-26T09:43:42.844,92724.9,92781.8,92752.484,92768.31
2024-11-26T09:43:42.904,92724.9,92781.8,92752.445,92768.32
2024-11-26T09:43:42.924,92724.9,92781.8,92754.04,92768.766
2024-11-26T09:43:42.944,92724.9,92781.8,92761.69,92770.02
2024-11-26T09:43:42.964,92724.9,92781.8,92760.734,92769.36
2024-11-26T09:43:42.984,92724.9,92781.8,92760.87,92769.36
2024-11-26T09:43:43.004,92724.9,92781.8,92762.1,92769.19
2024-11-26T09:43:43.024,92724.9,92781.8,92762.21,92769.23
2024-11-26T09:43:43.045,92724.9,92781.8,92761.38,92769.23
2024-11-26T09:43:43.064,92724.9,92781.8,92761.38,92769.266
2024-11-26T09:43:43.084,92724.9,92781.8,92762.33,92769.516
2024-11-26T09:43:43.104,92724.9,92781.8,92761.23,92769.83
2024-11-26T09:43:43.124,92724.9,92781.8,92761.234,92771.12
2024-11-26T09:43:43.144,92724.9,92781.8,92760.516,92770.67
2024-11-26T09:43:43.164,92724.9,92781.8,92761.0,92770.586
2024-11-26T09:43:43.184,92724.9,92781.8,92761.44,92770.12
2024-11-26T09:43:43.204,92724.9,92781.8,92761.43,92770.12
2024-11-26T09:43:43.224,92724.9,92781.8,92763.2,92769.81
2024-11-26T09:43:43.244,92724.9,92781.8,92763.15,92769.81
2024-11-26T09:43:43.284,92724.9,92781.8,92763.14,92769.836
2024-11-26T09:43:43.304,92724.9,92781.8,92763.06,92769.836
2024-11-26T09:43:43.324,92724.9,92781.8,92761.945,92770.12
2024-11-26T09:43:43.344,92724.9,92781.8,92760.664,92770.04
2024-11-26T09:43:43.364,92724.9,92781.8,92761.82,92770.04
2024-11-26T09:43:43.384,92724.9,92781.8,92761.875,92770.04
2024-11-26T09:43:43.404,92724.9,92781.8,92761.25,92770.04
2024-11-26T09:43:43.424,92724.9,92781.8,92761.445,92770.04
2024-11-26T09:43:43.444,92724.9,92781.8,92761.414,92770.23
2024-11-26T09:43:43.524,92724.9,92781.8,92761.11,92770.23
2024-11-26T09:43:43.544,92724.9,92781.8,92761.445,92770.234
2024-11-26T09:43:43.564,92724.9,92781.8,92762.55,92770.125
2024-11-26T09:43:43.584,92724.9,92781.8,92761.625,92770.086
2024-11-26T09:43:43.604,92724.9,92781.8,92761.64,92770.09
2024-11-26T09:43:43.625,92724.9,92781.8,92762.97,92770.09
2024-11-26T09:43:43.644,92724.9,92781.8,92763.02,92770.13
2024-11-26T09:43:43.664,92724.9,92781.8,92762.96,92770.13
2024-11-26T09:43:43.684,92724.9,92781.8,92762.9,92770.164
2024-11-26T09:43:43.704,92724.9,92781.8,92763.53,92770.164
2024-11-26T09:43:43.724,92724.9,92781.8,92762.23,92770.164
2024-11-26T09:43:43.744,92724.9,92781.8,92763.53,92770.164
2024-11-26T09:43:43.764,92724.9,92781.8,92761.766,92770.164
2024-11-26T09:43:43.784,92724.9,92781.8,92762.52,92770.164
2024-11-26T09:43:43.804,92724.9,92781.8,92762.52,92770.164
2024-11-26T09:43:43.824,92724.9,92781.8,92762.52,92770.164
2024-11-26T09:43:43.844,92724.9,92781.8,92762.52,92770.164
2024-11-26T09:43:43.925,92724.9,92781.8,92761.82,92769.15
2024-11-26T09:43:43.944,92724.9,92781.8,92760.88,92768.984
2024-11-26T09:43:43.964,92724.9,92781.8,92762.15,92768.92
2024-11-26T09:43:43.984,92724.9,92781.8,92762.16,92768.84
2024-11-26T09:43:44.004,92724.9,92781.8,92762.16,92769.15
2024-11-26T09:43:44.024,92724.9,92781.8,92760.94,92769.15
2024-11-26T09:43:44.065,92724.9,92781.8,92760.94,92769.16
2024-11-26T09:43:44.104,92724.9,92781.8,92760.94,92769.16
2024-11-26T09:43:44.164,92724.9,92781.8,92762.18,92769.16
2024-11-26T09:43:44.244,92724.9,92781.8,92762.18,92769.16
2024-11-26T09:43:44.265,92724.9,92781.8,92762.59,92769.16
2024-11-26T09:43:44.284,92724.9,92781.8,92762.484,92768.55
2024-11-26T09:43:44.305,92724.9,92781.8,92762.4,92768.78
2024-11-26T09:43:44.344,92724.9,92781.8,92762.086,92769.25
2024-11-26T09:43:44.364,92724.9,92781.8,92763.87,92769.58
2024-11-26T09:43:44.384,92724.9,92781.8,92762.63,92767.96
2024-11-26T09:43:44.404,92724.9,92781.8,92762.58,92767.97
2024-11-26T09:43:44.424,92724.9,92781.8,92762.58,92767.97
2024-11-26T09:43:44.445,92724.9,92781.8,92762.555,92767.97
2024-11-26T09:43:44.465,92724.9,92781.8,92762.555,92767.97
2024-11-26T09:43:44.504,92724.9,92781.8,92762.56,92767.97
2024-11-26T09:43:44.525,92724.9,92781.8,92763.71,92767.95
2024-11-26T09:43:44.545,92724.9,92781.8,92763.84,92767.95
2024-11-26T09:43:44.564,92724.9,92781.8,92763.84,92767.95
2024-11-26T09:43:44.584,92724.9,92781.8,92763.84,92767.97
2024-11-26T09:43:44.604,92724.9,92781.8,92763.83,92767.97
2024-11-26T09:43:44.644,92724.9,92781.8,92763.695,92768.04
2024-11-26T09:43:44.685,92724.9,92781.8,92762.64,92768.04
2024-11-26T09:43:44.704,92724.9,92781.8,92763.695,92768.23
2024-11-26T09:43:44.724,92724.9,92781.8,92763.7,92768.23
2024-11-26T09:43:44.784,92724.9,92781.8,92763.69,92768.23
2024-11-26T09:43:44.825,92724.9,92781.8,92763.69,92768.24
2024-11-26T09:43:44.844,92724.9,92781.8,92763.695,92768.24
2024-11-26T09:43:44.884,92724.9,92781.8,92763.695,92768.24
2024-11-26T09:43:44.945,92724.9,92781.8,92763.74,92768.2
2024-11-26T09:43:44.964,92724.9,92781.8,92763.74,92768.26
2024-11-26T09:43:44.984,92724.9,92781.8,92763.69,92768.22
2024-11-26T09:43:45.045,92724.9,92781.8,92763.69,92768.234
2024-11-26T09:43:45.105,92724.9,92781.8,92763.7,92768.59
2024-11-26T09:43:45.124,92724.9,92781.8,92761.89,92768.63
2024-11-26T09:43:45.144,92724.9,92781.8,92763.7,92768.67
2024-11-26T09:43:45.165,92724.9,92781.8,92763.7,92768.69
2024-11-26T09:43:45.204,92724.9,92781.8,92763.695,92768.69
2024-11-26T09:43:45.265,92724.9,92781.8,92761.89,92768.69
2024-11-26T09:43:45.284,92724.9,92781.8,92761.89,92768.69
2024-11-26T09:43:45.305,92724.9,92781.8,92763.73,92768.76
2024-11-26T09:43:45.324,92724.9,92781.8,92763.875,92768.76
2024-11-26T09:43:45.344,92724.9,92781.8,92763.836,92768.76
2024-11-26T09:43:45.364,92724.9,92781.8,92763.836,92768.695
2024-11-26T09:43:45.384,92724.9,92781.8,92763.836,92768.7
2024-11-26T09:43:45.404,92724.9,92781.8,92763.83,92768.7
2024-11-26T09:43:45.464,92724.9,92781.8,92763.83,92768.7
2024-11-26T09:43:45.484,92724.9,92781.8,92763.836,92768.7
2024-11-26T09:43:45.525,92724.9,92781.8,92763.836,92768.695
2024-11-26T09:43:45.624,92724.9,92781.8,92763.836,92768.69
2024-11-26T09:43:45.644,92724.9,92781.8,92763.836,92768.62
2024-11-26T09:43:45.665,92724.9,92781.8,92763.836,92768.62
2024-11-26T09:43:45.744,92724.9,92781.8,92763.89,92768.62
2024-11-26T09:43:45.765,92724.9,92781.8,92763.94,92768.62
2024-11-26T09:43:45.784,92724.9,92781.8,92763.94,92768.67
2024-11-26T09:43:45.804,92724.9,92781.8,92763.98,92768.64
2024-11-26T09:43:45.825,92724.9,92781.8,92763.32,92768.73
2024-11-26T09:43:45.844,92724.9,92781.8,92763.41,92768.73
2024-11-26T09:43:45.864,92724.9,92781.8,92763.41,92768.805
2024-11-26T09:43:45.884,92724.9,92781.8,92763.41,92768.805
2024-11-26T09:43:45.905,92724.9,92781.8,92763.41,92768.79
2024-11-26T09:43:45.924,92724.9,92781.8,92763.41,92768.79
2024-11-26T09:43:46.064,92724.9,92781.8,92763.484,92768.875
2024-11-26T09:43:46.084,92724.9,92781.8,92763.484,92768.81
2024-11-26T09:43:46.104,92724.9,92781.8,92763.484,92768.81
2024-11-26T09:43:46.125,92724.9,92781.8,92763.414,92768.81
2024-11-26T09:43:46.164,92724.9,92781.8,92763.3,92768.81
2024-11-26T09:43:46.184,92724.9,92781.8,92763.23,92768.81
2024-11-26T09:43:46.244,92724.9,92781.8,92763.22,92768.81
2024-11-26T09:43:46.264,92724.9,92781.8,92763.22,92768.81
2024-11-26T09:43:46.284,92724.9,92781.8,92763.22,92768.805
2024-11-26T09:43:46.304,92724.9,92781.8,92763.22,92768.8
2024-11-26T09:43:46.324,92724.9,92781.8,92763.22,92768.86
2024-11-26T09:43:46.344,92724.9,92781.8,92763.22,92768.8
2024-11-26T09:43:46.484,92724.9,92781.8,92762.664,92768.836
2024-11-26T09:43:46.504,92724.9,92781.8,92757.25,92768.414
2024-11-26T09:43:46.524,92724.9,92781.8,92756.74,92768.586
2024-11-26T09:43:46.544,92724.9,92781.8,92758.48,92768.47
2024-11-26T09:43:46.564,92724.9,92781.8,92758.56,92768.36
2024-11-26T09:43:46.584,92724.9,92781.8,92757.79,92768.38
2024-11-26T09:43:46.624,92724.9,92781.8,92758.59,92768.45
2024-11-26T09:43:46.644,92724.9,92781.8,92758.484,92768.055
2024-11-26T09:43:46.664,92724.9,92781.8,92758.484,92767.98
2024-11-26T09:43:46.684,92724.9,92781.8,92758.484,92768.38
2024-11-26T09:43:46.704,92724.9,92781.8,92755.7,92768.445
2024-11-26T09:43:46.724,92724.9,92781.8,92755.7,92768.31
2024-11-26T09:43:46.745,92724.9,92781.8,92757.35,92768.31
2024-11-26T09:43:46.764,92724.9,92781.8,92757.414,92768.31
2024-11-26T09:43:46.785,92724.9,92781.8,92757.414,92768.43
2024-11-26T09:43:46.804,92724.9,92781.8,92756.85,92768.43
2024-11-26T09:43:46.824,92724.9,92781.8,92756.85,92768.42
2024-11-26T09:43:46.844,92724.9,92781.8,92756.85,92768.42
2024-11-26T09:43:46.864,92724.9,92781.8,92756.83,92768.43
2024-11-26T09:43:46.884,92724.9,92781.8,92756.83,92768.414
2024-11-26T09:43:46.944,92724.9,92781.8,92756.875,92768.414
2024-11-26T09:43:46.965,92724.9,92781.8,92756.35,92768.414
2024-11-26T09:43:47.004,92724.9,92781.8,92756.35,92768.414
2024-11-26T09:43:47.045,92724.9,92781.8,92756.35,92768.414
2024-11-26T09:43:47.104,92724.9,92781.8,92755.07,92768.414
2024-11-26T09:43:47.124,92724.9,92781.8,92755.94,92768.414
2024-11-26T09:43:47.144,92724.9,92781.8,92755.94,92768.42
2024-11-26T09:43:47.165,92724.9,92781.8,92755.94,92768.414
2024-11-26T09:43:47.244,92724.9,92781.8,92756.22,92768.414
2024-11-26T09:43:47.264,92724.9,92781.8,92756.44,92768.06
2024-11-26T09:43:47.284,92724.9,92781.8,92762.03,92770.31
2024-11-26T09:43:47.305,92724.9,92781.8,92760.6,92770.41
2024-11-26T09:43:47.324,92724.9,92781.8,92761.62,92770.41
2024-11-26T09:43:47.344,92724.9,92781.8,92761.91,92770.58
2024-11-26T09:43:47.364,92724.9,92781.8,92760.945,92770.58
2024-11-26T09:43:47.384,92724.9,92781.8,92759.7,92770.58
2024-11-26T09:43:47.404,92724.9,92781.8,92759.16,92770.58
2024-11-26T09:43:47.424,92724.9,92781.8,92759.1,92770.58
2024-11-26T09:43:47.444,92724.9,92781.8,92759.06,92770.58
2024-11-26T09:43:47.464,92724.9,92781.8,92759.06,92770.41
2024-11-26T09:43:47.484,92724.9,92781.8,92759.03,92770.086
2024-11-26T09:43:47.504,92724.9,92781.8,92761.48,92769.945
2024-11-26T09:43:47.524,92724.9,92781.8,92761.65,92770.2
2024-11-26T09:43:47.544,92724.9,92781.8,92761.516,92770.46
2024-11-26T09:43:47.564,92724.9,92781.8,92761.51,92770.3
2024-11-26T09:43:47.584,92724.9,92781.8,92760.73,92770.3
2024-11-26T09:43:47.604,92724.9,92781.8,92761.03,92770.3
2024-11-26T09:43:47.624,92724.9,92781.8,92761.31,92770.3
2024-11-26T09:43:47.644,92724.9,92781.8,92761.266,92770.3
2024-11-26T09:43:47.664,92724.9,92781.8,92761.22,92770.43
2024-11-26T09:43:47.684,92724.9,92781.8,92761.17,92770.0
2024-11-26T09:43:47.704,92724.9,92781.8,92762.37,92769.96
2024-11-26T09:43:47.725,92724.9,92781.8,92761.875,92769.53
2024-11-26T09:43:47.744,92724.9,92781.8,92761.734,92769.35
2024-11-26T09:43:47.785,92724.9,92781.8,92761.69,92769.35
2024-11-26T09:43:47.805,92724.9,92781.8,92761.69,92769.664
2024-11-26T09:43:47.824,92724.9,92781.8,92759.734,92769.664
2024-11-26T09:43:47.845,92724.9,92781.8,92759.664,92769.46
2024-11-26T09:43:47.864,92724.9,92781.8,92762.33,92769.875
2024-11-26T09:43:47.884,92724.9,92781.8,92762.25,92769.94
2024-11-26T09:43:47.945,92724.9,92781.8,92762.26,92769.94
2024-11-26T09:43:47.964,92724.9,92781.8,92762.26,92769.92
2024-11-26T09:43:47.985,92724.9,92781.8,92762.26,92769.55
2024-11-26T09:43:48.004,92724.9,92781.8,92762.26,92769.484
2024-11-26T09:43:48.124,92724.9,92781.8,92762.39,92769.484
2024-11-26T09:43:48.144,92724.9,92781.8,92762.43,92769.58
2024-11-26T09:43:48.164,92724.9,92781.8,92761.5,92769.59
2024-11-26T09:43:48.184,92724.9,92781.8,92760.625,92769.59
2024-11-26T09:43:48.204,92724.9,92781.8,92760.37,92769.59
2024-11-26T09:43:48.225,92724.9,92781.8,92762.36,92769.59
2024-11-26T09:43:48.244,92724.9,92781.8,92762.62,92769.78
2024-11-26T09:43:48.264,92724.9,92781.8,92762.62,92769.805
2024-11-26T09:43:48.284,92724.9,92781.8,92762.52,92769.96
2024-11-26T09:43:48.304,92724.9,92781.8,92762.15,92769.93
2024-11-26T09:43:48.344,92724.9,92781.8,92762.086,92769.57
2024-11-26T09:43:48.364,92724.9,92781.8,92761.766,92769.57
2024-11-26T09:43:48.384,92724.9,92781.8,92761.77,92769.57
2024-11-26T09:43:48.404,92724.9,92781.8,92761.77,92769.27
2024-11-26T09:43:48.424,92724.9,92781.8,92761.77,92769.28
2024-11-26T09:43:48.444,92724.9,92781.8,92760.805,92769.13
2024-11-26T09:43:48.465,92724.9,92781.8,92759.89,92769.23
2024-11-26T09:43:48.484,92724.9,92781.8,92758.76,92769.13
2024-11-26T09:43:48.504,92724.9,92781.8,92758.87,92769.42
2024-11-26T09:43:48.524,92724.9,92781.8,92759.58,92769.42
2024-11-26T09:43:48.545,92724.9,92781.8,92758.96,92769.42
2024-11-26T09:43:48.584,92724.9,92781.8,92758.96,92769.5
2024-11-26T09:43:48.605,92724.9,92781.8,92760.16,92769.5
2024-11-26T09:43:48.625,92724.9,92781.8,92759.87,92769.4
2024-11-26T09:43:48.645,92724.9,92781.8,92759.87,92769.4
2024-11-26T09:43:48.664,92724.9,92781.8,92759.87,92769.4
2024-11-26T09:43:48.684,92724.9,92781.8,92759.91,92769.4
2024-11-26T09:43:48.725,92724.9,92781.8,92759.49,92769.09
2024-11-26T09:43:48.745,92724.9,92781.8,92761.4,92769.09
2024-11-26T09:43:48.765,92724.9,92781.8,92761.47,92769.09
2024-11-26T09:43:48.784,92724.9,92781.8,92761.47,92769.48
2024-11-26T09:43:48.804,92724.9,92781.8,92761.47,92769.54
2024-11-26T09:43:48.824,92724.9,92781.8,92761.47,92769.734
2024-11-26T09:43:48.844,92724.9,92781.8,92761.47,92769.47
2024-11-26T09:43:48.864,92724.9,92781.8,92761.62,92769.4
2024-11-26T09:43:48.884,92724.9,92781.8,92762.055,92769.41
2024-11-26T09:43:48.904,92724.9,92781.8,92762.44,92769.45
2024-11-26T09:43:48.924,92724.9,92781.8,92762.67,92769.586
2024-11-26T09:43:48.944,92724.9,92781.8,92762.37,92770.016
2024-11-26T09:43:48.964,92724.9,92781.8,92762.29,92770.04
2024-11-26T09:43:48.984,92724.9,92781.8,92762.29,92770.03
2024-11-26T09:43:49.004,92724.9,92781.8,92762.29,92769.72
2024-11-26T09:43:49.025,92724.9,92781.8,92762.23,92769.72
2024-11-26T09:43:49.044,92724.9,92781.8,92761.33,92769.95
2024-11-26T09:43:49.064,92724.9,92781.8,92761.33,92769.95
2024-11-26T09:43:49.104,92724.9,92781.8,92761.305,92769.97
2024-11-26T09:43:49.124,92724.9,92781.8,92762.12,92769.95
2024-11-26T09:43:49.144,92724.9,92781.8,92762.72,92769.95
2024-11-26T09:43:49.164,92724.9,92781.8,92761.67,92769.95
2024-11-26T09:43:49.184,92724.9,92781.8,92762.766,92769.945
2024-11-26T09:43:49.204,92724.9,92781.8,92762.41,92769.945
2024-11-26T09:43:49.224,92724.9,92781.8,92762.41,92769.98
2024-11-26T09:43:49.244,92724.9,92781.8,92762.07,92769.98
2024-11-26T09:43:49.264,92724.9,92781.8,92762.07,92769.945
2024-11-26T09:43:49.284,92724.9,92781.8,92761.805,92769.65
2024-11-26T09:43:49.304,92724.9,92781.8,92761.98,92768.836
2024-11-26T09:43:49.324,92724.9,92781.8,92762.805,92769.3
2024-11-26T09:43:49.344,92724.9,92781.8,92762.81,92769.3
2024-11-26T09:43:49.364,92724.9,92781.8,92762.67,92769.39
2024-11-26T09:43:49.385,92724.9,92781.8,92762.6,92769.445
2024-11-26T09:43:49.404,92724.9,92781.8,92762.586,92769.445
2024-11-26T09:43:49.425,92724.9,92781.8,92762.6,92769.445
2024-11-26T09:43:49.484,92724.9,92781.8,92762.51,92769.445
2024-11-26T09:43:49.544,92724.9,92781.8,92762.445,92769.445
2024-11-26T09:43:49.565,92724.9,92781.8,92761.06,92769.445
2024-11-26T09:43:49.584,92724.9,92781.8,92761.06,92769.445
2024-11-26T09:43:49.604,92724.9,92781.8,92762.78,92769.06
2024-11-26T09:43:49.624,92724.9,92781.8,92762.695,92769.57
2024-11-26T09:43:49.644,92724.9,92781.8,92762.695,92769.19
2024-11-26T09:43:49.665,92724.9,92781.8,92762.836,92769.19
2024-11-26T09:43:49.744,92724.9,92781.8,92762.836,92769.23
2024-11-26T09:43:49.765,92724.9,92781.8,92762.836,92769.19
2024-11-26T09:43:49.804,92724.9,92781.8,92762.71,92769.19
2024-11-26T09:43:49.844,92724.9,92781.8,92762.734,92769.19
2024-11-26T09:43:49.865,92724.9,92781.8,92762.11,92769.18
2024-11-26T09:43:49.884,92724.9,92781.8,92762.11,92769.414
2024-11-26T09:43:49.904,92724.9,92781.8,92762.11,92769.414
2024-11-26T09:43:49.924,92724.9,92781.8,92762.164,92769.41
2024-11-26T09:43:49.945,92724.9,92781.8,92759.94,92769.21
2024-11-26T09:43:49.964,92724.9,92781.8,92761.85,92769.65
2024-11-26T09:43:49.984,92724.9,92781.8,92761.945,92769.72
2024-11-26T09:43:50.004,92724.9,92781.8,92761.945,92769.71
2024-11-26T09:43:50.084,92724.9,92781.8,92761.85,92769.92
2024-11-26T09:43:50.125,92724.9,92781.8,92761.85,92769.945
2024-11-26T09:43:50.264,92724.9,92781.8,92761.91,92769.945
2024-11-26T09:43:50.284,92724.9,92781.8,92762.11,92769.945
2024-11-26T09:43:50.384,92724.9,92781.8,92762.11,92769.945
2024-11-26T09:43:50.404,92724.9,92781.8,92761.58,92769.945
2024-11-26T09:43:50.425,92724.9,92781.8,92762.11,92769.82
2024-11-26T09:43:50.444,92724.9,92781.8,92762.0,92769.82
2024-11-26T09:43:50.464,92724.9,92781.8,92762.0,92769.85
2024-11-26T09:43:50.484,92724.9,92781.8,92762.0,92769.53
2024-11-26T09:43:50.524,92724.9,92781.8,92762.0,92769.54
2024-11-26T09:43:50.565,92724.9,92781.8,92762.11,92769.54
2024-11-26T09:43:50.585,92724.9,92781.8,92762.0,92769.54
2024-11-26T09:43:50.605,92724.9,92781.8,92762.11,92769.54
2024-11-26T09:43:50.645,92724.9,92781.8,92762.11,92769.65
2024-11-26T09:43:50.684,92724.9,92781.8,92762.16,92769.65
2024-11-26T09:43:50.744,92724.9,92781.8,92757.22,92769.25
2024-11-26T09:43:50.764,92724.9,92781.8,92757.21,92769.26
2024-11-26T09:43:50.784,92724.9,92781.8,92759.39,92769.516
2024-11-26T09:43:50.805,92724.9,92781.8,92760.086,92769.68
2024-11-26T09:43:50.825,92724.9,92781.8,92758.13,92769.68
2024-11-26T09:43:50.845,92724.9,92781.8,92757.57,92768.81
2024-11-26T09:43:50.864,92724.9,92781.8,92757.63,92768.81
2024-11-26T09:43:50.885,92724.9,92781.8,92757.52,92768.81
2024-11-26T09:43:50.944,92724.9,92781.8,92757.62,92768.92
2024-11-26T09:43:50.964,92724.9,92781.8,92751.29,92765.09
2024-11-26T09:43:50.984,92724.9,92781.8,92751.75,92764.21
2024-11-26T09:43:51.004,92724.9,92781.8,92751.74,92764.33
2024-11-26T09:43:51.024,92724.9,92781.8,92751.74,92764.39
2024-11-26T09:43:51.044,92724.9,92781.8,92751.57,92764.28
2024-11-26T09:43:51.064,92724.9,92781.8,92751.53,92764.27
2024-11-26T09:43:51.084,92724.9,92781.8,92751.53,92764.34
2024-11-26T09:43:51.104,92724.9,92781.8,92751.44,92764.34
2024-11-26T09:43:51.124,92724.9,92781.8,92751.44,92764.31
2024-11-26T09:43:51.144,92724.9,92781.8,92751.44,92764.33
2024-11-26T09:43:51.184,92724.9,92781.8,92751.44,92764.33
2024-11-26T09:43:51.224,92724.9,92781.8,92751.516,92764.32
2024-11-26T09:43:51.244,92724.9,92781.8,92751.97,92764.59
2024-11-26T09:43:51.264,92724.9,92781.8,92750.73,92762.96
2024-11-26T09:43:51.284,92724.9,92781.8,92750.164,92762.16
2024-11-26T09:43:51.304,92724.9,92781.8,92749.32,92762.76
2024-11-26T09:43:51.324,92724.9,92781.8,92749.21,92763.664
2024-11-26T09:43:51.344,92724.9,92781.8,92749.19,92764.0
2024-11-26T09:43:51.364,92724.9,92781.8,92749.11,92763.99
2024-11-26T09:43:51.384,92724.9,92781.8,92749.54,92763.77
2024-11-26T09:43:51.404,92724.9,92781.8,92749.164,92763.88
2024-11-26T09:43:51.424,92724.9,92781.8,92749.164,92763.88
2024-11-26T09:43:51.444,92724.9,92781.8,92749.16,92763.88
2024-11-26T09:43:51.464,92724.9,92781.8,92749.16,92763.91
2024-11-26T09:43:51.504,92724.9,92781.8,92749.195,92763.91
2024-11-26T09:43:51.524,92724.9,92781.8,92746.88,92760.42
2024-11-26T09:43:51.544,92724.9,92781.8,92750.46,92758.664
2024-11-26T09:43:51.564,92724.9,92781.8,92749.92,92763.695
2024-11-26T09:43:51.584,92724.9,92781.8,92749.81,92766.27
2024-11-26T09:43:51.604,92724.9,92781.8,92749.79,92766.22
2024-11-26T09:43:51.624,92724.9,92781.8,92749.29,92766.45
2024-11-26T09:43:51.644,92724.9,92781.8,92745.695,92759.73
2024-11-26T09:43:51.664,92724.9,92781.8,92744.734,92762.695
2024-11-26T09:43:51.684,92724.9,92781.8,92744.664,92760.16
2024-11-26T09:43:51.704,92724.9,92781.8,92744.37,92757.664
2024-11-26T09:43:51.724,92724.9,92781.8,92743.74,92759.54
2024-11-26T09:43:51.744,92724.9,92781.8,92741.71,92754.74
2024-11-26T09:43:51.764,92724.9,92781.8,92742.62,92755.46
2024-11-26T09:43:51.784,92724.9,92781.8,92742.305,92756.17
2024-11-26T09:43:51.804,92724.9,92781.8,92741.57,92756.18
2024-11-26T09:43:51.824,92724.9,92781.8,92740.13,92753.72
2024-11-26T09:43:51.844,92724.9,92781.8,92740.38,92751.71
2024-11-26T09:43:51.864,92724.9,92781.8,92740.33,92751.72
2024-11-26T09:43:51.884,92724.9,92781.8,92740.34,92751.93
2024-11-26T09:43:51.905,92724.9,92781.8,92740.96,92752.27
2024-11-26T09:43:51.924,92724.9,92781.8,92740.95,92752.27
2024-11-26T09:43:51.944,92724.9,92781.8,92740.914,92751.35
2024-11-26T09:43:51.964,92724.9,92781.8,92740.914,92751.18
2024-11-26T09:43:51.984,92724.9,92781.8,92740.914,92752.21
2024-11-26T09:43:52.004,92724.9,92781.8,92740.516,92750.89
2024-11-26T09:43:52.024,92724.9,92781.8,92740.516,92750.914
2024-11-26T09:43:52.044,92724.9,92781.8,92740.516,92751.68
2024-11-26T09:43:52.064,92724.9,92781.8,92740.516,92751.945
2024-11-26T09:43:52.084,92724.9,92781.8,92740.52,92751.98
2024-11-26T09:43:52.104,92724.9,92781.8,92740.52,92751.98
2024-11-26T09:43:52.124,92724.9,92781.8,92740.61,92751.98
2024-11-26T09:43:52.144,92724.9,92781.8,92741.53,92751.98
2024-11-26T09:43:52.164,92724.9,92781.8,92741.53,92751.22
2024-11-26T09:43:52.184,92724.9,92781.8,92742.19,92751.26
2024-11-26T09:43:52.204,92724.9,92781.8,92742.19,92751.15
2024-11-26T09:43:52.244,92724.9,92781.8,92743.68,92753.664
2024-11-26T09:43:52.264,92724.9,92781.8,92743.17,92753.82
2024-11-26T09:43:52.284,92724.9,92781.8,92743.52,92754.6
2024-11-26T09:43:52.304,92724.9,92781.8,92742.945,92754.125
2024-11-26T09:43:52.324,92724.9,92781.8,92743.086,92754.35
2024-11-26T09:43:52.344,92724.9,92781.8,92743.086,92754.9
2024-11-26T09:43:52.364,92724.9,92781.8,92742.48,92755.055
2024-11-26T09:43:52.384,92724.9,92781.8,92743.15,92754.9
2024-11-26T09:43:52.404,92724.9,92781.8,92742.75,92754.9
2024-11-26T09:43:52.444,92724.9,92781.8,92742.96,92754.96
2024-11-26T09:43:52.465,92724.9,92781.8,92743.85,92751.91
2024-11-26T09:43:52.484,92724.9,92781.8,92743.08,92751.836
2024-11-26T09:43:52.504,92724.9,92781.8,92743.08,92751.84
2024-11-26T09:43:52.545,92724.9,92781.8,92743.9,92753.72
2024-11-26T09:43:52.564,92724.9,92781.8,92742.945,92753.195
2024-11-26T09:43:52.584,92724.9,92781.8,92743.81,92753.88
2024-11-26T09:43:52.604,92724.9,92781.8,92743.94,92754.58
2024-11-26T09:43:52.624,92724.9,92781.8,92744.086,92755.57
2024-11-26T09:43:52.644,92724.9,92781.8,92744.086,92755.61
2024-11-26T09:43:52.664,92724.9,92781.8,92744.086,92755.6
2024-11-26T09:43:52.684,92724.9,92781.8,92744.086,92755.6
2024-11-26T09:43:52.704,92724.9,92781.8,92744.08,92755.95
2024-11-26T09:43:52.724,92724.9,92781.8,92743.3,92755.95
2024-11-26T09:43:52.744,92724.9,92781.8,92743.31,92755.984
2024-11-26T09:43:52.764,92724.9,92781.8,92743.3,92755.984
2024-11-26T09:43:52.804,92724.9,92781.8,92743.57,92755.984
2024-11-26T09:43:52.824,92724.9,92781.8,92743.57,92755.984
2024-11-26T09:43:52.844,92724.9,92781.8,92743.6,92755.984
2024-11-26T09:43:52.864,92724.9,92781.8,92743.59,92755.984
2024-11-26T09:43:52.884,92724.9,92781.8,92744.42,92755.984
2024-11-26T09:43:52.904,92724.9,92781.8,92743.234,92755.984
2024-11-26T09:43:52.924,92724.9,92781.8,92743.234,92755.95
2024-11-26T09:43:52.964,92724.9,92781.8,92743.15,92755.93
2024-11-26T09:43:52.984,92724.9,92781.8,92743.15,92755.93
2024-11-26T09:43:53.004,92724.9,92781.8,92743.15,92755.93
2024-11-26T09:43:53.024,92724.9,92781.8,92743.15,92755.195
2024-11-26T09:43:53.044,92724.9,92781.8,92743.15,92755.55
2024-11-26T09:43:53.064,92724.9,92781.8,92743.07,92756.41
2024-11-26T09:43:53.084,92724.9,92781.8,92746.16,92764.945
2024-11-26T09:43:53.104,92724.9,92781.8,92755.06,92768.12
2024-11-26T09:43:53.124,92724.9,92781.8,92754.6,92767.5
2024-11-26T09:43:53.144,92724.9,92781.8,92754.36,92767.1
2024-11-26T09:43:53.165,92724.9,92781.8,92754.02,92766.58
2024-11-26T09:43:53.184,92724.9,92781.8,92754.88,92766.21
2024-11-26T09:43:53.204,92724.9,92781.8,92754.5,92766.305
2024-11-26T09:43:53.224,92724.9,92781.8,92755.1,92767.0
2024-11-26T09:43:53.244,92724.9,92781.8,92755.94,92767.24
2024-11-26T09:43:53.264,92724.9,92781.8,92755.98,92766.625
2024-11-26T09:43:53.284,92724.9,92781.8,92755.48,92767.37
2024-11-26T09:43:53.304,92724.9,92781.8,92755.4,92767.51
2024-11-26T09:43:53.324,92724.9,92781.8,92756.47,92769.555
2024-11-26T09:43:53.344,92724.9,92781.8,92756.27,92768.7
2024-11-26T09:43:53.364,92724.9,92781.8,92759.36,92768.555
2024-11-26T09:43:53.384,92724.9,92781.8,92758.23,92768.555
2024-11-26T09:43:53.404,92724.9,92781.8,92758.35,92768.38
2024-11-26T09:43:53.424,92724.9,92781.8,92759.12,92768.38
2024-11-26T09:43:53.444,92724.9,92781.8,92758.86,92768.33
2024-11-26T09:43:53.464,92724.9,92781.8,92758.875,92768.98
2024-11-26T09:43:53.484,92724.9,92781.8,92758.7,92768.016
2024-11-26T09:43:53.504,92724.9,92781.8,92758.92,92767.695
2024-11-26T09:43:53.524,92724.9,92781.8,92758.91,92767.46
2024-11-26T09:43:53.544,92724.9,92781.8,92758.875,92767.46
2024-11-26T09:43:53.564,92724.9,92781.8,92758.4,92767.46
2024-11-26T09:43:53.584,92724.9,92781.8,92755.18,92767.44
2024-11-26T09:43:53.604,92724.9,92781.8,92754.92,92766.92
2024-11-26T09:43:53.624,92724.9,92781.8,92754.914,92766.92
2024-11-26T09:43:53.644,92724.9,92781.8,92756.195,92766.94
2024-11-26T09:43:53.664,92724.9,92781.8,92756.25,92766.94
2024-11-26T09:43:53.684,92724.9,92781.8,92756.766,92766.945
2024-11-26T09:43:53.704,92724.9,92781.8,92756.99,92766.92
2024-11-26T09:43:53.724,92724.9,92781.8,92756.62,92766.92
2024-11-26T09:43:53.744,92724.9,92781.8,92757.37,92766.945
2024-11-26T09:43:53.764,92724.9,92781.8,92757.59,92766.945
2024-11-26T09:43:53.784,92724.9,92781.8,92758.26,92766.945
2024-11-26T09:43:53.804,92724.9,92781.8,92760.5,92767.28
2024-11-26T09:43:53.824,92724.9,92781.8,92760.57,92767.28
2024-11-26T09:43:53.844,92724.9,92781.8,92760.41,92767.28
2024-11-26T09:43:53.864,92724.9,92781.8,92759.68,92767.28
2024-11-26T09:43:53.885,92724.9,92781.8,92759.69,92767.23
2024-11-26T09:43:53.904,92724.9,92781.8,92760.414,92767.23
2024-11-26T09:43:53.925,92724.9,92781.8,92759.695,92767.23
2024-11-26T09:43:53.944,92724.9,92781.8,92759.69,92767.23
2024-11-26T09:43:53.965,92724.9,92781.8,92759.46,92767.23
2024-11-26T09:43:54.004,92724.9,92781.8,92759.69,92767.23
2024-11-26T09:43:54.024,92724.9,92781.8,92759.1,92767.234
2024-11-26T09:43:54.044,92724.9,92781.8,92759.34,92767.35
2024-11-26T09:43:54.064,92724.9,92781.8,92759.26,92767.35
2024-11-26T09:43:54.085,92724.9,92781.8,92758.84,92767.25
2024-11-26T09:43:54.104,92724.9,92781.8,92759.69,92767.266
2024-11-26T09:43:54.125,92724.9,92781.8,92759.69,92767.266
2024-11-26T09:43:54.144,92724.9,92781.8,92759.69,92767.27
2024-11-26T09:43:54.165,92724.9,92781.8,92759.0,92767.26
2024-11-26T09:43:54.185,92724.9,92781.8,92759.34,92767.086
2024-11-26T09:43:54.244,92724.9,92781.8,92759.484,92767.36
2024-11-26T09:43:54.264,92724.9,92781.8,92759.51,92767.35
2024-11-26T09:43:54.284,92724.9,92781.8,92759.555,92767.35
2024-11-26T09:43:54.304,92724.9,92781.8,92759.41,92767.38
2024-11-26T09:43:54.324,92724.9,92781.8,92759.41,92767.39
2024-11-26T09:43:54.344,92724.9,92781.8,92759.21,92767.39
2024-11-26T09:43:54.364,92724.9,92781.8,92759.086,92767.27
2024-11-26T09:43:54.425,92724.9,92781.8,92759.05,92767.28
2024-11-26T09:43:54.444,92724.9,92781.8,92754.484,92767.836
2024-11-26T09:43:54.464,92724.9,92781.8,92751.77,92767.84
2024-11-26T09:43:54.484,92724.9,92781.8,92751.58,92767.64
2024-11-26T09:43:54.504,92724.9,92781.8,92751.76,92765.086
2024-11-26T09:43:54.524,92724.9,92781.8,92751.62,92765.164
2024-11-26T09:43:54.544,92724.9,92781.8,92752.36,92765.73
2024-11-26T09:43:54.564,92724.9,92781.8,92752.15,92765.73
2024-11-26T09:43:54.589,92724.9,92781.8,92751.555,92765.54
2024-11-26T09:43:54.604,92724.9,92781.8,92749.62,92766.13
2024-11-26T09:43:54.625,92724.9,92781.8,92750.68,92764.89
2024-11-26T09:43:54.644,92724.9,92781.8,92751.6,92765.1
2024-11-26T09:43:54.664,92724.9,92781.8,92751.88,92764.89
2024-11-26T09:43:54.684,92724.9,92781.8,92752.03,92764.89
2024-11-26T09:43:54.704,92724.9,92781.8,92752.9,92764.664
2024-11-26T09:43:54.745,92724.9,92781.8,92752.91,92764.664
2024-11-26T09:43:54.765,92724.9,92781.8,92752.91,92765.26
2024-11-26T09:43:54.784,92724.9,92781.8,92752.91,92765.26
2024-11-26T09:43:54.804,92724.9,92781.8,92753.0,92765.26
2024-11-26T09:43:54.824,92724.9,92781.8,92753.14,92765.26
2024-11-26T09:43:54.845,92724.9,92781.8,92753.0,92765.26
2024-11-26T09:43:54.864,92724.9,92781.8,92753.0,92765.26
2024-11-26T09:43:54.884,92724.9,92781.8,92752.99,92765.28
2024-11-26T09:43:55.025,92724.9,92781.8,92753.195,92765.3
2024-11-26T09:43:55.044,92724.9,92781.8,92753.54,92765.46
2024-11-26T09:43:55.064,92724.9,92781.8,92753.61,92765.36
2024-11-26T09:43:55.085,92724.9,92781.8,92753.375,92765.35
2024-11-26T09:43:55.104,92724.9,92781.8,92753.375,92765.24
2024-11-26T09:43:55.124,92724.9,92781.8,92752.15,92765.24
2024-11-26T09:43:55.144,92724.9,92781.8,92752.1,92765.805
2024-11-26T09:43:55.164,92724.9,92781.8,92753.05,92765.766
2024-11-26T09:43:55.184,92724.9,92781.8,92753.05,92765.8
2024-11-26T09:43:55.224,92724.9,92781.8,92752.36,92765.8
2024-11-26T09:43:55.245,92724.9,92781.8,92751.016,92765.8
2024-11-26T09:43:55.265,92724.9,92781.8,92750.99,92765.8
2024-11-26T09:43:55.284,92724.9,92781.8,92752.26,92765.8
2024-11-26T09:43:55.344,92724.9,92781.8,92751.016,92765.8
2024-11-26T09:43:55.364,92724.9,92781.8,92752.26,92765.8
2024-11-26T09:43:55.404,92724.9,92781.8,92749.4,92766.05
2024-11-26T09:43:55.424,92724.9,92781.8,92749.05,92766.04
2024-11-26T09:43:55.444,92724.9,92781.8,92749.05,92766.4
2024-11-26T09:43:55.484,92724.9,92781.8,92749.31,92766.4
2024-11-26T09:43:55.504,92724.9,92781.8,92749.32,92766.4
2024-11-26T09:43:55.524,92724.9,92781.8,92749.31,92766.4
2024-11-26T09:43:55.544,92724.9,92781.8,92749.32,92766.4
2024-11-26T09:43:55.604,92724.9,92781.8,92749.31,92766.414
2024-11-26T09:43:55.624,92724.9,92781.8,92748.25,92765.805
2024-11-26T09:43:55.644,92724.9,92781.8,92749.18,92766.03
2024-11-26T09:43:55.664,92724.9,92781.8,92749.195,92766.03
2024-11-26T09:43:55.684,92724.9,92781.8,92749.27,92766.13
2024-11-26T09:43:55.704,92724.9,92781.8,92749.26,92766.13
2024-11-26T09:43:55.724,92724.9,92781.8,92749.26,92766.13
2024-11-26T09:43:55.804,92724.9,92781.8,92749.22,92765.875
2024-11-26T09:43:55.824,92724.9,92781.8,92748.92,92765.67
2024-11-26T09:43:55.844,92724.9,92781.8,92748.914,92765.67
2024-11-26T09:43:55.884,92724.9,92781.8,92748.93,92765.67
2024-11-26T09:43:55.904,92724.9,92781.8,92748.56,92765.67
2024-11-26T09:43:55.924,92724.9,92781.8,92748.78,92765.67
2024-11-26T09:43:55.944,92724.9,92781.8,92748.84,92765.67
2024-11-26T09:43:55.964,92724.9,92781.8,92748.5,92765.67
2024-11-26T09:43:55.984,92724.9,92781.8,92749.15,92765.67
2024-11-26T09:43:56.004,92724.9,92781.8,92749.945,92765.67
2024-11-26T09:43:56.024,92724.9,92781.8,92749.57,92765.67
2024-11-26T09:43:56.044,92724.9,92781.8,92749.4,92765.67
2024-11-26T09:43:56.064,92724.9,92781.8,92749.375,92765.664
2024-11-26T09:43:56.084,92724.9,92781.8,92749.33,92765.25
2024-11-26T09:43:56.104,92724.9,92781.8,92750.39,92765.25
2024-11-26T09:43:56.124,92724.9,92781.8,92750.44,92765.25
2024-11-26T09:43:56.144,92724.9,92781.8,92750.44,92765.66
2024-11-26T09:43:56.164,92724.9,92781.8,92750.516,92766.18
2024-11-26T09:43:56.184,92724.9,92781.8,92750.51,92766.18
2024-11-26T09:43:56.204,92724.9,92781.8,92750.58,92766.18
2024-11-26T09:43:56.224,92724.9,92781.8,92750.484,92766.18
2024-11-26T09:43:56.244,92724.9,92781.8,92750.08,92766.18
2024-11-26T09:43:56.264,92724.9,92781.8,92750.07,92766.18
2024-11-26T09:43:56.284,92724.9,92781.8,92750.09,92766.18
2024-11-26T09:43:56.304,92724.9,92781.8,92750.07,92766.18
2024-11-26T09:43:56.324,92724.9,92781.8,92749.29,92766.18
2024-11-26T09:43:56.345,92724.9,92781.8,92751.125,92766.18
2024-11-26T09:43:56.365,92724.9,92781.8,92751.41,92765.42
2024-11-26T09:43:56.384,92724.9,92781.8,92752.984,92765.38
2024-11-26T09:43:56.404,92724.9,92781.8,92752.234,92765.38
2024-11-26T09:43:56.424,92724.9,92781.8,92751.94,92765.38
2024-11-26T09:43:56.444,92724.9,92781.8,92752.71,92765.35
2024-11-26T09:43:56.504,92724.9,92781.8,92752.71,92765.9
2024-11-26T09:43:56.524,92724.9,92781.8,92751.65,92765.9
2024-11-26T09:43:56.544,92724.9,92781.8,92752.734,92765.9
2024-11-26T09:43:56.584,92724.9,92781.8,92752.7,92765.9
2024-11-26T09:43:56.604,92724.9,92781.8,92752.05,92765.42
2024-11-26T09:43:56.624,92724.9,92781.8,92752.05,92765.42
2024-11-26T09:43:56.644,92724.9,92781.8,92752.12,92765.51
2024-11-26T09:43:56.665,92724.9,92781.8,92753.42,92768.39
2024-11-26T09:43:56.684,92724.9,92781.8,92757.91,92770.18
2024-11-26T09:43:56.704,92724.9,92781.8,92759.26,92770.27
2024-11-26T09:43:56.724,92724.9,92781.8,92759.58,92769.945
2024-11-26T09:43:56.744,92724.9,92781.8,92759.04,92769.7
2024-11-26T09:43:56.764,92724.9,92781.8,92759.664,92769.39
2024-11-26T09:43:56.784,92724.9,92781.8,92759.2,92769.39
2024-11-26T09:43:56.804,92724.9,92781.8,92759.44,92769.88
2024-11-26T09:43:56.824,92724.9,92781.8,92760.266,92771.28
2024-11-26T09:43:56.844,92724.9,92781.8,92760.37,92770.99
2024-11-26T09:43:56.864,92724.9,92781.8,92759.71,92770.555
2024-11-26T09:43:56.884,92724.9,92781.8,92760.68,92770.55
2024-11-26T09:43:56.904,92724.9,92781.8,92761.164,92770.29
2024-11-26T09:43:56.924,92724.9,92781.8,92760.875,92770.27
2024-11-26T09:43:56.944,92724.9,92781.8,92761.43,92770.29
2024-11-26T09:43:56.964,92724.9,92781.8,92760.086,92770.29
2024-11-26T09:43:56.984,92724.9,92781.8,92760.086,92770.37
2024-11-26T09:43:57.024,92724.9,92781.8,92761.04,92770.38
2024-11-26T09:43:57.044,92724.9,92781.8,92761.234,92770.38
2024-11-26T09:43:57.064,92724.9,92781.8,92761.03,92770.38
2024-11-26T09:43:57.084,92724.9,92781.8,92761.555,92770.38
2024-11-26T09:43:57.104,92724.9,92781.8,92760.97,92770.445
2024-11-26T09:43:57.124,92724.9,92781.8,92761.484,92770.445
2024-11-26T09:43:57.144,92724.9,92781.8,92764.24,92771.29
2024-11-26T09:43:57.164,92724.9,92781.8,92764.41,92770.984
2024-11-26T09:43:57.184,92724.9,92781.8,92764.69,92770.98
2024-11-26T09:43:57.204,92724.9,92781.8,92764.47,92770.98
2024-11-26T09:43:57.224,92724.9,92781.8,92764.08,92770.99
2024-11-26T09:43:57.244,92724.9,92781.8,92764.24,92771.0
2024-11-26T09:43:57.264,92724.9,92781.8,92764.234,92771.0
2024-11-26T09:43:57.304,92724.9,92781.8,92764.234,92771.0
2024-11-26T09:43:57.324,92724.9,92781.8,92764.23,92770.836
2024-11-26T09:43:57.384,92724.9,92781.8,92764.23,92770.836
2024-11-26T09:43:57.404,92724.9,92781.8,92764.23,92771.03
2024-11-26T09:43:57.424,92724.9,92781.8,92764.195,92771.03
2024-11-26T09:43:57.484,92724.9,92781.8,92764.21,92771.03
2024-11-26T09:43:57.504,92724.9,92781.8,92764.18,92771.03
2024-11-26T09:43:57.524,92724.9,92781.8,92764.06,92771.08
2024-11-26T09:43:57.604,92724.9,92781.8,92764.09,92770.89
2024-11-26T09:43:57.624,92724.9,92781.8,92763.77,92771.08
2024-11-26T09:43:57.684,92724.9,92781.8,92763.77,92771.08
2024-11-26T09:43:57.704,92724.9,92781.8,92763.8,92771.08
2024-11-26T09:43:57.784,92724.9,92781.8,92763.79,92771.08
2024-11-26T09:43:57.805,92724.9,92781.8,92763.79,92770.85
2024-11-26T09:43:57.824,92724.9,92781.8,92763.8,92770.85
2024-11-26T09:43:57.844,92724.9,92781.8,92763.8,92770.86
2024-11-26T09:43:57.865,92724.9,92781.8,92763.41,92770.86
2024-11-26T09:43:57.884,92724.9,92781.8,92763.414,92770.86
2024-11-26T09:43:57.924,92724.9,92781.8,92763.414,92770.86
2024-11-26T09:43:57.944,92724.9,92781.8,92763.3,92770.93
2024-11-26T09:43:57.964,92724.9,92781.8,92763.305,92770.83
2024-11-26T09:43:57.985,92724.9,92781.8,92763.305,92770.83
2024-11-26T09:43:58.004,92724.9,92781.8,92763.32,92770.83
2024-11-26T09:43:58.024,92724.9,92781.8,92763.33,92770.83
2024-11-26T09:43:58.064,92724.9,92781.8,92763.33,92770.83
2024-11-26T09:43:58.084,92724.9,92781.8,92763.33,92771.47
2024-11-26T09:43:58.124,92724.9,92781.8,92763.336,92771.47
2024-11-26T09:43:58.144,92724.9,92781.8,92763.32,92771.01
2024-11-26T09:43:58.164,92724.9,92781.8,92763.32,92771.01
2024-11-26T09:43:58.184,92724.9,92781.8,92763.266,92771.01
2024-11-26T09:43:58.205,92724.9,92781.8,92763.25,92770.734
2024-11-26T09:43:58.224,92724.9,92781.8,92763.11,92770.266
2024-11-26T09:43:58.244,92724.9,92781.8,92762.266,92770.25
2024-11-26T09:43:58.265,92724.9,92781.8,92761.79,92770.26
2024-11-26T09:43:58.284,92724.9,92781.8,92761.734,92770.26
2024-11-26T09:43:58.304,92724.9,92781.8,92762.02,92770.26
2024-11-26T09:43:58.324,92724.9,92781.8,92761.31,92770.26
2024-11-26T09:43:58.345,92724.9,92781.8,92760.94,92770.266
2024-11-26T09:43:58.364,92724.9,92781.8,92761.35,92770.266
2024-11-26T09:43:58.384,92724.9,92781.8,92762.29,92770.22
2024-11-26T09:43:58.405,92724.9,92781.8,92762.89,92770.266
2024-11-26T09:43:58.424,92724.9,92781.8,92762.76,92770.31
2024-11-26T09:43:58.444,92724.9,92781.8,92762.76,92770.31
2024-11-26T09:43:58.464,92724.9,92781.8,92762.94,92770.51
2024-11-26T09:43:58.485,92724.9,92781.8,92762.59,92770.81
2024-11-26T09:43:58.504,92724.9,92781.8,92762.22,92770.9
2024-11-26T09:43:58.524,92724.9,92781.8,92761.54,92770.97
2024-11-26T09:43:58.544,92724.9,92781.8,92761.73,92770.97
2024-11-26T09:43:58.564,92724.9,92781.8,92762.03,92770.97
2024-11-26T09:43:58.584,92724.9,92781.8,92762.04,92770.97
2024-11-26T09:43:58.604,92724.9,92781.8,92762.266,92770.97
2024-11-26T09:43:58.624,92724.9,92781.8,92762.31,92770.97
2024-11-26T09:43:58.644,92724.9,92781.8,92762.32,92770.97
2024-11-26T09:43:58.664,92724.9,92781.8,92762.3,92770.98
2024-11-26T09:43:58.684,92724.9,92781.8,92762.31,92770.95
2024-11-26T09:43:58.704,92724.9,92781.8,92762.305,92770.95
2024-11-26T09:43:58.724,92724.9,92781.8,92762.29,92770.85
2024-11-26T09:43:58.744,92724.9,92781.8,92762.55,92770.83
2024-11-26T09:43:58.764,92724.9,92781.8,92762.52,92770.98
2024-11-26T09:43:58.785,92724.9,92781.8,92762.625,92771.414
2024-11-26T09:43:58.804,92724.9,92781.8,92762.37,92771.32
2024-11-26T09:43:58.825,92724.9,92781.8,92762.49,92771.32
2024-11-26T09:43:58.844,92724.9,92781.8,92762.36,92771.32
2024-11-26T09:43:58.864,92724.9,92781.8,92762.336,92771.32
2024-11-26T09:43:58.885,92724.9,92781.8,92762.1,92771.3
2024-11-26T09:43:58.905,92724.9,92781.8,92762.0,92771.3
2024-11-26T09:43:58.924,92724.9,92781.8,92761.99,92771.67
2024-11-26T09:43:58.944,92724.9,92781.8,92762.086,92772.76
2024-11-26T09:43:58.964,92724.9,92781.8,92762.016,92772.76
2024-11-26T09:43:59.024,92724.9,92781.8,92762.37,92772.76
2024-11-26T09:43:59.044,92724.9,92781.8,92762.37,92772.76
2024-11-26T09:43:59.105,92724.9,92781.8,92762.266,92771.234
2024-11-26T09:43:59.125,92724.9,92781.8,92762.266,92771.234
2024-11-26T09:43:59.144,92724.9,92781.8,92762.37,92771.234
2024-11-26T09:43:59.164,92724.9,92781.8,92762.38,92770.88
2024-11-26T09:43:59.184,92724.9,92781.8,92762.36,92770.984
2024-11-26T09:43:59.204,92724.9,92781.8,92762.35,92770.984
2024-11-26T09:43:59.224,92724.9,92781.8,92762.195,92770.52
2024-11-26T09:43:59.244,92724.9,92781.8,92762.016,92770.52
2024-11-26T09:43:59.264,92724.9,92781.8,92762.02,92770.52
2024-11-26T09:43:59.284,92724.9,92781.8,92762.0,92770.52
2024-11-26T09:43:59.304,92724.9,92781.8,92762.06,92770.52
2024-11-26T09:43:59.324,92724.9,92781.8,92762.08,92770.52
2024-11-26T09:43:59.345,92724.9,92781.8,92762.06,92770.52
2024-11-26T09:43:59.364,92724.9,92781.8,92762.016,92770.484
2024-11-26T09:43:59.385,92724.9,92781.8,92762.31,92770.555
2024-11-26T09:43:59.404,92724.9,92781.8,92762.266,92770.555
2024-11-26T09:43:59.425,92724.9,92781.8,92762.266,92770.56
2024-11-26T09:43:59.464,92724.9,92781.8,92762.266,92770.57
2024-11-26T09:43:59.484,92724.9,92781.8,92762.43,92770.57
2024-11-26T09:43:59.504,92724.9,92781.8,92762.914,92770.53
2024-11-26T09:43:59.524,92724.9,92781.8,92762.414,92770.5
2024-11-26T09:43:59.544,92724.9,92781.8,92762.414,92770.53
2024-11-26T09:43:59.564,92724.9,92781.8,92762.375,92770.516
2024-11-26T09:43:59.584,92724.9,92781.8,92762.375,92770.516
2024-11-26T09:43:59.604,92724.9,92781.8,92762.35,92770.51
2024-11-26T09:43:59.644,92724.9,92781.8,92762.35,92770.54
2024-11-26T09:43:59.685,92724.9,92781.8,92761.86,92770.445
2024-11-26T09:43:59.705,92724.9,92781.8,92761.86,92770.414
2024-11-26T09:43:59.724,92724.9,92781.8,92763.3,92770.516
2024-11-26T09:43:59.745,92724.9,92781.8,92763.3,92770.57
2024-11-26T09:43:59.764,92724.9,92781.8,92762.766,92770.57
2024-11-26T09:43:59.785,92724.9,92781.8,92762.86,92770.54
2024-11-26T09:43:59.804,92724.9,92781.8,92762.84,92770.54
2024-11-26T09:43:59.824,92724.9,92781.8,92762.36,92770.54
2024-11-26T09:43:59.845,92724.9,92781.8,92762.86,92770.51
2024-11-26T09:43:59.864,92724.9,92781.8,92762.125,92770.445
2024-11-26T09:43:59.885,92724.9,92781.8,92762.3,92770.54
2024-11-26T09:43:59.904,92724.9,92781.8,92762.305,92770.516
2024-11-26T09:43:59.924,92724.9,92781.8,92762.305,92770.516
2024-11-26T09:43:59.945,92724.9,92781.8,92762.12,92770.445
2024-11-26T09:43:59.964,92724.9,92781.8,92762.12,92770.445
2024-11-26T09:44:00.004,92724.9,92781.8,92763.07,92770.445
2024-11-26T09:44:00.025,92724.9,92781.8,92762.586,92770.445
2024-11-26T09:44:00.044,92724.9,92781.8,92761.92,92770.43
2024-11-26T09:44:00.064,92724.9,92781.8,92759.49,92770.45
2024-11-26T09:44:00.084,92724.9,92781.8,92758.336,92769.31
2024-11-26T09:44:00.104,92724.9,92781.8,92756.766,92769.13
2024-11-26T09:44:00.124,92724.9,92781.8,92756.91,92769.53
2024-11-26T09:44:00.144,92724.9,92781.8,92757.266,92769.72
2024-11-26T09:44:00.164,92724.9,92781.8,92757.43,92769.766
2024-11-26T09:44:00.184,92724.9,92781.8,92756.6,92769.77
2024-11-26T09:44:00.204,92724.9,92781.8,92755.62,92769.78
2024-11-26T09:44:00.224,92724.9,92781.8,92755.51,92769.766
2024-11-26T09:44:00.244,92724.9,92781.8,92756.586,92769.766
2024-11-26T09:44:00.264,92724.9,92781.8,92756.09,92769.664
2024-11-26T09:44:00.284,92724.9,92781.8,92756.04,92769.664
2024-11-26T09:44:00.304,92724.9,92781.8,92755.91,92769.664
2024-11-26T09:44:00.324,92724.9,92781.8,92756.12,92769.664
2024-11-26T09:44:00.344,92724.9,92781.8,92752.59,92764.83
2024-11-26T09:44:00.364,92724.9,92781.8,92752.57,92763.93
2024-11-26T09:44:00.385,92724.9,92781.8,92753.32,92764.58
2024-11-26T09:44:00.404,92724.9,92781.8,92752.555,92764.76
2024-11-26T09:44:00.424,92724.9,92781.8,92752.766,92765.24
2024-11-26T09:44:00.444,92724.9,92781.8,92752.31,92764.98
2024-11-26T09:44:00.464,92724.9,92781.8,92752.32,92765.04
2024-11-26T09:44:00.484,92724.9,92781.8,92752.32,92764.8
2024-11-26T09:44:00.504,92724.9,92781.8,92750.05,92763.8
2024-11-26T09:44:00.524,92724.9,92781.8,92749.445,92761.3
2024-11-26T09:44:00.544,92724.9,92781.8,92749.65,92761.84
2024-11-26T09:44:00.564,92724.9,92781.8,92749.65,92762.69
2024-11-26T09:44:00.584,92724.9,92781.8,92749.65,92762.13
2024-11-26T09:44:00.604,92724.9,92781.8,92749.66,92762.13
2024-11-26T09:44:00.624,92724.9,92781.8,92749.66,92762.15
2024-11-26T09:44:00.644,92724.9,92781.8,92749.66,92762.15
2024-11-26T09:44:00.664,92724.9,92781.8,92750.13,92762.16
2024-11-26T09:44:00.684,92724.9,92781.8,92750.695,92762.62
2024-11-26T09:44:00.705,92724.9,92781.8,92751.65,92763.42
2024-11-26T09:44:00.725,92724.9,92781.8,92751.66,92763.555
2024-11-26T09:44:00.745,92724.9,92781.8,92751.66,92763.59
2024-11-26T09:44:00.764,92724.9,92781.8,92751.65,92763.79
2024-11-26T09:44:00.784,92724.9,92781.8,92751.664,92764.195
2024-11-26T09:44:00.804,92724.9,92781.8,92751.7,92764.195
2024-11-26T09:44:00.824,92724.9,92781.8,92751.7,92764.44
2024-11-26T09:44:00.844,92724.9,92781.8,92751.734,92764.97
2024-11-26T09:44:00.864,92724.9,92781.8,92751.734,92764.9
2024-11-26T09:44:00.884,92724.9,92781.8,92751.74,92764.9
2024-11-26T09:44:00.904,92724.9,92781.8,92751.734,92764.766
2024-11-26T09:44:00.925,92724.9,92781.8,92751.734,92764.77
2024-11-26T09:44:00.945,92724.9,92781.8,92751.695,92764.77
2024-11-26T09:44:00.965,92724.9,92781.8,92751.695,92764.75
2024-11-26T09:44:00.984,92724.9,92781.8,92751.555,92764.734
2024-11-26T09:44:01.004,92724.9,92781.8,92751.42,92764.6
2024-11-26T09:44:01.025,92724.9,92781.8,92751.18,92764.64
2024-11-26T09:44:01.044,92724.9,92781.8,92751.01,92764.64
2024-11-26T09:44:01.084,92724.9,92781.8,92751.01,92764.41
2024-11-26T09:44:01.105,92724.9,92781.8,92750.77,92764.41
2024-11-26T09:44:01.124,92724.9,92781.8,92749.29,92764.39
2024-11-26T09:44:01.144,92724.9,92781.8,92749.3,92764.38
2024-11-26T09:44:01.164,92724.9,92781.8,92749.37,92764.13
2024-11-26T09:44:01.204,92724.9,92781.8,92749.37,92764.125
2024-11-26T09:44:01.224,92724.9,92781.8,92749.37,92764.08
2024-11-26T09:44:01.264,92724.9,92781.8,92749.37,92764.08
2024-11-26T09:44:01.284,92724.9,92781.8,92749.31,92764.08
2024-11-26T09:44:01.304,92724.9,92781.8,92749.67,92764.08
2024-11-26T09:44:01.344,92724.9,92781.8,92749.31,92759.48
2024-11-26T09:44:01.364,92724.9,92781.8,92749.31,92759.65
2024-11-26T09:44:01.384,92724.9,92781.8,92749.31,92760.08
2024-11-26T09:44:01.404,92724.9,92781.8,92749.31,92761.09
2024-11-26T09:44:01.424,92724.9,92781.8,92749.31,92761.12
2024-11-26T09:44:01.444,92724.9,92781.8,92749.31,92760.98
2024-11-26T09:44:01.464,92724.9,92781.8,92749.31,92761.03
2024-11-26T09:44:01.484,92724.9,92781.8,92749.29,92761.03
2024-11-26T09:44:01.504,92724.9,92781.8,92748.94,92761.03
2024-11-26T09:44:01.524,92724.9,92781.8,92748.94,92761.05
2024-11-26T09:44:01.544,92724.9,92781.8,92748.94,92761.05
2024-11-26T09:44:01.584,92724.9,92781.8,92749.26,92761.05
2024-11-26T09:44:01.624,92724.9,92781.8,92748.94,92761.05
2024-11-26T09:44:01.684,92724.9,92781.8,92749.375,92761.05
2024-11-26T09:44:01.704,92724.9,92781.8,92749.41,92761.055
2024-11-26T09:44:01.724,92724.9,92781.8,92749.24,92761.23
2024-11-26T09:44:01.744,92724.9,92781.8,92749.14,92761.23
2024-11-26T09:44:01.764,92724.9,92781.8,92749.14,92761.22
2024-11-26T09:44:01.804,92724.9,92781.8,92749.41,92761.266
2024-11-26T09:44:01.825,92724.9,92781.8,92749.72,92761.56
2024-11-26T09:44:01.864,92724.9,92781.8,92749.57,92761.56
2024-11-26T09:44:01.904,92724.9,92781.8,92749.49,92761.56
2024-11-26T09:44:01.925,92724.9,92781.8,92749.31,92761.56
2024-11-26T09:44:01.944,92724.9,92781.8,92748.71,92761.68
2024-11-26T09:44:01.964,92724.9,92781.8,92749.375,92761.664
2024-11-26T09:44:01.984,92724.9,92781.8,92749.09,92761.64
2024-11-26T09:44:02.004,92724.9,92781.8,92749.36,92761.65
2024-11-26T09:44:02.024,92724.9,92781.8,92748.57,92761.61
2024-11-26T09:44:02.044,92724.9,92781.8,92748.555,92761.695
2024-11-26T09:44:02.064,92724.9,92781.8,92747.53,92761.695
2024-11-26T09:44:02.084,92724.9,92781.8,92747.53,92761.66
2024-11-26T09:44:02.104,92724.9,92781.8,92747.84,92761.66
2024-11-26T09:44:02.124,92724.9,92781.8,92748.03,92761.664
2024-11-26T09:44:02.144,92724.9,92781.8,92747.88,92761.836
2024-11-26T09:44:02.164,92724.9,92781.8,92749.016,92761.95
2024-11-26T09:44:02.184,92724.9,92781.8,92748.555,92761.95
2024-11-26T09:44:02.204,92724.9,92781.8,92749.766,92762.05
2024-11-26T09:44:02.224,92724.9,92781.8,92749.766,92761.98
2024-11-26T09:44:02.244,92724.9,92781.8,92750.36,92762.01
2024-11-26T09:44:02.324,92724.9,92781.8,92749.94,92761.914
2024-11-26T09:44:02.344,92724.9,92781.8,92749.94,92761.875
2024-11-26T09:44:02.364,92724.9,92781.8,92750.04,92761.875
2024-11-26T09:44:02.424,92724.9,92781.8,92750.03,92761.875
2024-11-26T09:44:02.464,92724.9,92781.8,92750.07,92761.875
2024-11-26T09:44:02.524,92724.9,92781.8,92750.3,92761.88
2024-11-26T09:44:02.544,92724.9,92781.8,92750.3,92762.01
2024-11-26T09:44:02.565,92724.9,92781.8,92750.45,92762.01
2024-11-26T09:44:02.585,92724.9,92781.8,92750.45,92762.01
2024-11-26T09:44:02.604,92724.9,92781.8,92750.484,92762.48
2024-11-26T09:44:02.624,92724.9,92781.8,92749.914,92763.49
2024-11-26T09:44:02.644,92724.9,92781.8,92749.83,92763.75
2024-11-26T09:44:02.665,92724.9,92781.8,92749.83,92763.74
2024-11-26T09:44:02.704,92724.9,92781.8,92748.86,92763.74
2024-11-26T09:44:02.724,92724.9,92781.8,92748.875,92764.29
2024-11-26T09:44:02.744,92724.9,92781.8,92748.875,92764.8
2024-11-26T09:44:02.764,92724.9,92781.8,92748.9,92764.914
2024-11-26T09:44:02.785,92724.9,92781.8,92748.89,92765.01
2024-11-26T09:44:02.804,92724.9,92781.8,92748.89,92764.99
2024-11-26T09:44:02.845,92724.9,92781.8,92748.89,92764.914
2024-11-26T09:44:02.865,92724.9,92781.8,92748.89,92764.97
2024-11-26T09:44:02.884,92724.9,92781.8,92748.88,92765.266
2024-11-26T09:44:02.904,92724.9,92781.8,92748.836,92764.2
2024-11-26T09:44:02.924,92724.9,92781.8,92748.81,92763.95
2024-11-26T09:44:02.944,92724.9,92781.8,92748.586,92763.02
2024-11-26T09:44:02.964,92724.9,92781.8,92748.61,92762.7
2024-11-26T09:44:02.984,92724.9,92781.8,92748.52,92762.7
2024-11-26T09:44:03.004,92724.9,92781.8,92748.59,92762.7
2024-11-26T09:44:03.024,92724.9,92781.8,92748.86,92762.766
2024-11-26T09:44:03.044,92724.9,92781.8,92748.7,92762.6
2024-11-26T09:44:03.065,92724.9,92781.8,92748.62,92762.6
2024-11-26T09:44:03.124,92724.9,92781.8,92748.76,92762.6
2024-11-26T09:44:03.145,92724.9,92781.8,92748.9,92762.81
2024-11-26T09:44:03.165,92724.9,92781.8,92748.695,92762.61
2024-11-26T09:44:03.185,92724.9,92781.8,92748.695,92762.9
2024-11-26T09:44:03.204,92724.9,92781.8,92748.61,92762.98
2024-11-26T09:44:03.224,92724.9,92781.8,92746.766,92762.97
2024-11-26T09:44:03.244,92724.9,92781.8,92746.78,92762.984
2024-11-26T09:44:03.264,92724.9,92781.8,92746.78,92762.88
2024-11-26T09:44:03.284,92724.9,92781.8,92747.82,92762.88
2024-11-26T09:44:03.304,92724.9,92781.8,92746.91,92762.46
2024-11-26T09:44:03.324,92724.9,92781.8,92746.85,92760.555
2024-11-26T09:44:03.344,92724.9,92781.8,92746.88,92761.1
2024-11-26T09:44:03.364,92724.9,92781.8,92744.555,92754.83
2024-11-26T09:44:03.384,92724.9,92781.8,92743.92,92754.03
2024-11-26T09:44:03.404,92724.9,92781.8,92743.37,92754.82
2024-11-26T09:44:03.424,92724.9,92781.8,92744.27,92755.305
2024-11-26T09:44:03.444,92724.9,92781.8,92744.2,92755.305
2024-11-26T09:44:03.464,92724.9,92781.8,92743.2,92755.16
2024-11-26T09:44:03.485,92724.9,92781.8,92744.29,92755.16
2024-11-26T09:44:03.504,92724.9,92781.8,92743.09,92754.95
2024-11-26T09:44:03.524,92724.9,92781.8,92743.09,92754.95
2024-11-26T09:44:03.544,92724.9,92781.8,92743.09,92754.95
2024-11-26T09:44:03.564,92724.9,92781.8,92743.09,92755.055
2024-11-26T09:44:03.584,92724.9,92781.8,92743.03,92755.08
2024-11-26T09:44:03.604,92724.9,92781.8,92743.03,92755.04
2024-11-26T09:44:03.624,92724.9,92781.8,92742.86,92755.266
2024-11-26T09:44:03.665,92724.9,92781.8,92742.87,92755.44
2024-11-26T09:44:03.684,92724.9,92781.8,92742.88,92755.48
2024-11-26T09:44:03.704,92724.9,92781.8,92744.125,92755.805
2024-11-26T09:44:03.724,92724.9,92781.8,92744.17,92756.01
2024-11-26T09:44:03.744,92724.9,92781.8,92743.37,92755.97
2024-11-26T09:44:03.765,92724.9,92781.8,92744.17,92755.92
2024-11-26T09:44:03.784,92724.9,92781.8,92744.484,92757.6
2024-11-26T09:44:03.805,92724.9,92781.8,92744.266,92758.17
2024-11-26T09:44:03.824,92724.9,92781.8,92744.25,92758.164
2024-11-26T09:44:03.844,92724.9,92781.8,92744.18,92758.164
2024-11-26T09:44:03.864,92724.9,92781.8,92744.22,92758.164
2024-11-26T09:44:03.885,92724.9,92781.8,92744.21,92757.984
2024-11-26T09:44:03.904,92724.9,92781.8,92744.42,92757.93
2024-11-26T09:44:03.944,92724.9,92781.8,92744.4,92757.93
2024-11-26T09:44:03.964,92724.9,92781.8,92744.41,92757.93
2024-11-26T09:44:03.985,92724.9,92781.8,92744.16,92757.94
2024-11-26T09:44:04.004,92724.9,92781.8,92744.04,92758.016
2024-11-26T09:44:04.025,92724.9,92781.8,92744.04,92758.44
2024-11-26T09:44:04.044,92724.9,92781.8,92744.41,92761.09
2024-11-26T09:44:04.064,92724.9,92781.8,92744.42,92765.19
2024-11-26T09:44:04.084,92724.9,92781.8,92744.79,92765.36
2024-11-26T09:44:04.104,92724.9,92781.8,92744.83,92765.555
2024-11-26T09:44:04.124,92724.9,92781.8,92744.83,92765.68
2024-11-26T09:44:04.144,92724.9,92781.8,92744.81,92765.71
2024-11-26T09:44:04.164,92724.9,92781.8,92745.664,92765.71
2024-11-26T09:44:04.185,92724.9,92781.8,92744.83,92765.71
2024-11-26T09:44:04.204,92724.9,92781.8,92745.35,92765.71
2024-11-26T09:44:04.224,92724.9,92781.8,92745.33,92765.72
2024-11-26T09:44:04.244,92724.9,92781.8,92744.516,92765.72
2024-11-26T09:44:04.264,92724.9,92781.8,92745.27,92765.72
2024-11-26T09:44:04.304,92724.9,92781.8,92745.28,92765.72
2024-11-26T09:44:04.324,92724.9,92781.8,92745.055,92765.72
2024-11-26T09:44:04.344,92724.9,92781.8,92745.07,92765.35
2024-11-26T09:44:04.365,92724.9,92781.8,92745.44,92765.31
2024-11-26T09:44:04.384,92724.9,92781.8,92745.44,92765.31
2024-11-26T09:44:04.404,92724.9,92781.8,92745.03,92765.266
2024-11-26T09:44:04.424,92724.9,92781.8,92745.03,92765.24
2024-11-26T09:44:04.445,92724.9,92781.8,92745.03,92765.23
2024-11-26T09:44:04.464,92724.9,92781.8,92744.91,92765.23
2024-11-26T09:44:04.485,92724.9,92781.8,92744.91,92765.03
2024-11-26T09:44:04.504,92724.9,92781.8,92745.15,92764.95
2024-11-26T09:44:04.524,92724.9,92781.8,92745.15,92764.97
2024-11-26T09:44:04.544,92724.9,92781.8,92745.15,92764.97
2024-11-26T09:44:04.564,92724.9,92781.8,92745.055,92764.97
2024-11-26T09:44:04.585,92724.9,92781.8,92745.65,92764.984
2024-11-26T09:44:04.624,92724.9,92781.8,92745.58,92764.984
2024-11-26T09:44:04.644,92724.9,92781.8,92745.58,92764.984
2024-11-26T09:44:04.664,92724.9,92781.8,92745.586,92764.99
2024-11-26T09:44:04.684,92724.9,92781.8,92745.44,92764.99
2024-11-26T09:44:04.704,92724.9,92781.8,92745.336,92765.055
2024-11-26T09:44:04.764,92724.9,92781.8,92745.28,92765.055
2024-11-26T09:44:04.784,92724.9,92781.8,92744.84,92765.29
2024-11-26T09:44:04.804,92724.9,92781.8,92744.88,92765.11
2024-11-26T09:44:04.824,92724.9,92781.8,92745.24,92765.11
2024-11-26T09:44:04.844,92724.9,92781.8,92745.24,92765.1
2024-11-26T09:44:04.864,92724.9,92781.8,92745.234,92765.1
2024-11-26T09:44:04.884,92724.9,92781.8,92745.234,92765.03
2024-11-26T09:44:04.904,92724.9,92781.8,92745.55,92764.99
2024-11-26T09:44:04.924,92724.9,92781.8,92745.484,92765.08
2024-11-26T09:44:04.944,92724.9,92781.8,92745.484,92765.01
2024-11-26T09:44:04.964,92724.9,92781.8,92744.766,92765.01
2024-11-26T09:44:04.984,92724.9,92781.8,92744.62,92765.01
2024-11-26T09:44:05.004,92724.9,92781.8,92744.875,92764.85
2024-11-26T09:44:05.025,92724.9,92781.8,92744.875,92764.734
2024-11-26T09:44:05.044,92724.9,92781.8,92744.87,92764.805
2024-11-26T09:44:05.064,92724.9,92781.8,92744.54,92764.805
2024-11-26T09:44:05.084,92724.9,92781.8,92744.54,92764.68
2024-11-26T09:44:05.104,92724.9,92781.8,92744.516,92764.25
2024-11-26T09:44:05.124,92724.9,92781.8,92745.305,92764.25
2024-11-26T09:44:05.144,92724.9,92781.8,92745.24,92764.25
2024-11-26T09:44:05.164,92724.9,92781.8,92745.29,92764.25
2024-11-26T09:44:05.184,92724.9,92781.8,92744.98,92764.17
2024-11-26T09:44:05.204,92724.9,92781.8,92745.24,92764.24
2024-11-26T09:44:05.224,92724.9,92781.8,92745.555,92764.17
2024-11-26T09:44:05.244,92724.9,92781.8,92745.555,92764.17
2024-11-26T09:44:05.265,92724.9,92781.8,92745.836,92763.3
2024-11-26T09:44:05.285,92724.9,92781.8,92745.55,92763.02
2024-11-26T09:44:05.304,92724.9,92781.8,92744.84,92762.68
2024-11-26T09:44:05.324,92724.9,92781.8,92744.57,92762.7
2024-11-26T09:44:05.344,92724.9,92781.8,92744.16,92758.99
2024-11-26T09:44:05.364,92724.9,92781.8,92744.14,92758.65
2024-11-26T09:44:05.384,92724.9,92781.8,92744.11,92758.09
2024-11-26T09:44:05.405,92724.9,92781.8,92744.31,92758.086
2024-11-26T09:44:05.425,92724.9,92781.8,92744.016,92758.086
2024-11-26T09:44:05.444,92724.9,92781.8,92744.01,92758.05
2024-11-26T09:44:05.464,92724.9,92781.8,92744.02,92757.984
2024-11-26T09:44:05.485,92724.9,92781.8,92744.336,92757.945
2024-11-26T09:44:05.504,92724.9,92781.8,92744.336,92758.65
2024-11-26T09:44:05.525,92724.9,92781.8,92744.13,92761.086
2024-11-26T09:44:05.564,92724.9,92781.8,92744.125,92758.66
2024-11-26T09:44:05.585,92724.9,92781.8,92744.4,92758.66
2024-11-26T09:44:05.604,92724.9,92781.8,92744.195,92757.51
2024-11-26T09:44:05.624,92724.9,92781.8,92744.1,92757.445
2024-11-26T09:44:05.644,92724.9,92781.8,92744.1,92757.414
2024-11-26T09:44:05.664,92724.9,92781.8,92745.266,92762.16
2024-11-26T09:44:05.684,92724.9,92781.8,92745.06,92762.19
2024-11-26T09:44:05.704,92724.9,92781.8,92745.02,92762.76
2024-11-26T09:44:05.724,92724.9,92781.8,92745.98,92762.75
2024-11-26T09:44:05.745,92724.9,92781.8,92746.055,92762.75
2024-11-26T09:44:05.764,92724.9,92781.8,92745.16,92762.74
2024-11-26T09:44:05.785,92724.9,92781.8,92745.85,92762.77
2024-11-26T09:44:05.805,92724.9,92781.8,92745.73,92762.72
2024-11-26T09:44:05.825,92724.9,92781.8,92746.13,92762.805
2024-11-26T09:44:05.844,92724.9,92781.8,92745.82,92762.805
2024-11-26T09:44:05.885,92724.9,92781.8,92745.63,92762.75
2024-11-26T09:44:05.905,92724.9,92781.8,92745.95,92762.75
2024-11-26T09:44:05.924,92724.9,92781.8,92746.19,92762.75
2024-11-26T09:44:05.944,92724.9,92781.8,92746.19,92762.71
2024-11-26T09:44:05.965,92724.9,92781.8,92746.18,92762.62
2024-11-26T09:44:05.985,92724.9,92781.8,92746.2,92762.62
2024-11-26T09:44:06.004,92724.9,92781.8,92745.875,92762.62
2024-11-26T09:44:06.025,92724.9,92781.8,92745.875,92762.67
2024-11-26T09:44:06.044,92724.9,92781.8,92745.66,92762.68
2024-11-26T09:44:06.064,92724.9,92781.8,92745.66,92762.69
2024-11-26T09:44:06.085,92724.9,92781.8,92745.66,92762.73
2024-11-26T09:44:06.104,92724.9,92781.8,92745.664,92762.73
2024-11-26T09:44:06.125,92724.9,92781.8,92745.875,92762.73
2024-11-26T09:44:06.144,92724.9,92781.8,92745.73,92762.17
2024-11-26T09:44:06.164,92724.9,92781.8,92744.77,92760.12
2024-11-26T09:44:06.184,92724.9,92781.8,92744.79,92760.26
2024-11-26T09:44:06.204,92724.9,92781.8,92744.88,92760.67
2024-11-26T09:44:06.224,92724.9,92781.8,92744.89,92759.04
2024-11-26T09:44:06.244,92724.9,92781.8,92744.89,92758.4
2024-11-26T09:44:06.264,92724.9,92781.8,92744.89,92757.55
2024-11-26T09:44:06.285,92724.9,92781.8,92744.88,92760.16
2024-11-26T09:44:06.305,92724.9,92781.8,92744.65,92760.31
2024-11-26T09:44:06.325,92724.9,92781.8,92744.64,92758.3
2024-11-26T09:44:06.344,92724.9,92781.8,92744.4,92758.3
2024-11-26T09:44:06.384,92724.9,92781.8,92743.766,92757.734
2024-11-26T09:44:06.404,92724.9,92781.8,92743.76,92757.72
2024-11-26T09:44:06.425,92724.9,92781.8,92743.89,92757.77
2024-11-26T09:44:06.444,92724.9,92781.8,92743.89,92757.77
2024-11-26T09:44:06.464,92724.9,92781.8,92743.68,92757.77
2024-11-26T09:44:06.484,92724.9,92781.8,92743.68,92757.77
2024-11-26T09:44:06.504,92724.9,92781.8,92743.86,92757.96
2024-11-26T09:44:06.524,92724.9,92781.8,92743.94,92758.01
2024-11-26T09:44:06.565,92724.9,92781.8,92743.94,92758.016
2024-11-26T09:44:06.604,92724.9,92781.8,92743.94,92758.01
2024-11-26T09:44:06.644,92724.9,92781.8,92744.14,92758.01
2024-11-26T09:44:06.665,92724.9,92781.8,92744.14,92758.01
2024-11-26T09:44:06.684,92724.9,92781.8,92744.27,92758.79
2024-11-26T09:44:06.784,92724.9,92781.8,92743.99,92761.07
2024-11-26T09:44:06.804,92724.9,92781.8,92743.99,92758.805
2024-11-26T09:44:06.824,92724.9,92781.8,92743.99,92758.79
2024-11-26T09:44:06.845,92724.9,92781.8,92744.1,92758.79
2024-11-26T09:44:06.865,92724.9,92781.8,92744.3,92759.48
2024-11-26T09:44:06.884,92724.9,92781.8,92744.3,92759.17
2024-11-26T09:44:06.904,92724.9,92781.8,92744.3,92759.48
2024-11-26T09:44:06.924,92724.9,92781.8,92744.3,92758.77
2024-11-26T09:44:06.945,92724.9,92781.8,92743.99,92757.75
2024-11-26T09:44:06.964,92724.9,92781.8,92743.97,92757.75
2024-11-26T09:44:06.985,92724.9,92781.8,92743.97,92757.43
2024-11-26T09:44:07.004,92724.9,92781.8,92743.99,92757.43
2024-11-26T09:44:07.024,92724.9,92781.8,92744.1,92758.77
2024-11-26T09:44:07.044,92724.9,92781.8,92744.32,92758.83
2024-11-26T09:44:07.064,92724.9,92781.8,92744.32,92758.83
2024-11-26T09:44:07.084,92724.9,92781.8,92744.1,92758.56
2024-11-26T09:44:07.104,92724.9,92781.8,92744.086,92758.57
2024-11-26T09:44:07.124,92724.9,92781.8,92744.086,92758.55
2024-11-26T09:44:07.264,92724.9,92781.8,92743.97,92758.55
2024-11-26T09:44:07.284,92724.9,92781.8,92743.97,92758.21
2024-11-26T09:44:07.344,92724.9,92781.8,92745.35,92762.57
2024-11-26T09:44:07.364,92724.9,92781.8,92745.2,92762.85
2024-11-26T09:44:07.384,92724.9,92781.8,92745.2,92762.875
2024-11-26T09:44:07.404,92724.9,92781.8,92746.19,92763.3
2024-11-26T09:44:07.424,92724.9,92781.8,92745.97,92763.2
2024-11-26T09:44:07.444,92724.9,92781.8,92746.1,92763.414
2024-11-26T09:44:07.465,92724.9,92781.8,92746.1,92763.44
2024-11-26T09:44:07.484,92724.9,92781.8,92745.82,92763.72
2024-11-26T09:44:07.504,92724.9,92781.8,92746.09,92763.72
2024-11-26T09:44:07.524,92724.9,92781.8,92746.27,92763.734
2024-11-26T09:44:07.544,92724.9,92781.8,92746.27,92763.74
2024-11-26T09:44:07.565,92724.9,92781.8,92745.68,92763.74
2024-11-26T09:44:07.584,92724.9,92781.8,92745.98,92763.82
2024-11-26T09:44:07.604,92724.9,92781.8,92746.21,92763.805
2024-11-26T09:44:07.624,92724.9,92781.8,92746.21,92763.805
2024-11-26T09:44:07.644,92724.9,92781.8,92746.21,92763.805
2024-11-26T09:44:07.664,92724.9,92781.8,92746.21,92763.8
2024-11-26T09:44:07.705,92724.9,92781.8,92745.74,92763.81
2024-11-26T09:44:07.725,92724.9,92781.8,92745.734,92763.8
2024-11-26T09:44:07.744,92724.9,92781.8,92745.734,92764.266
2024-11-26T09:44:07.784,92724.9,92781.8,92745.805,92764.266
2024-11-26T09:44:07.805,92724.9,92781.8,92745.79,92764.266
2024-11-26T09:44:07.824,92724.9,92781.8,92746.12,92764.266
2024-11-26T09:44:07.844,92724.9,92781.8,92746.08,92764.28
2024-11-26T09:44:07.864,92724.9,92781.8,92746.08,92764.25
2024-11-26T09:44:07.904,92724.9,92781.8,92746.07,92764.25
2024-11-26T09:44:07.964,92724.9,92781.8,92746.08,92764.25
2024-11-26T09:44:07.985,92724.9,92781.8,92745.76,92764.25
2024-11-26T09:44:08.004,92724.9,92781.8,92745.75,92764.25
2024-11-26T09:44:08.024,92724.9,92781.8,92745.7,92762.83
2024-11-26T09:44:08.045,92724.9,92781.8,92745.95,92760.19
2024-11-26T09:44:08.064,92724.9,92781.8,92745.94,92760.43
2024-11-26T09:44:08.084,92724.9,92781.8,92745.945,92760.305
2024-11-26T09:44:08.104,92724.9,92781.8,92745.25,92758.14
2024-11-26T09:44:08.124,92724.9,92781.8,92744.92,92757.16
2024-11-26T09:44:08.144,92724.9,92781.8,92738.8,92751.195
2024-11-26T09:44:08.164,92724.9,92781.8,92736.664,92748.28
2024-11-26T09:44:08.184,92724.9,92781.8,92736.57,92749.555
2024-11-26T09:44:08.204,92724.9,92781.8,92736.555,92750.12
2024-11-26T09:44:08.224,92724.9,92781.8,92736.25,92750.31
2024-11-26T09:44:08.244,92724.9,92781.8,92733.086,92750.336
2024-11-26T09:44:08.264,92724.9,92781.8,92733.03,92750.336
2024-11-26T09:44:08.284,92724.9,92781.8,92733.03,92750.16
2024-11-26T09:44:08.304,92724.9,92781.8,92733.055,92750.164
2024-11-26T09:44:08.324,92724.9,92781.8,92733.02,92750.19
2024-11-26T09:44:08.344,92724.9,92781.8,92733.016,92750.18
2024-11-26T09:44:08.364,92724.9,92781.8,92733.016,92750.22
2024-11-26T09:44:08.384,92724.9,92781.8,92733.016,92750.195
2024-11-26T09:44:08.424,92724.9,92781.8,92733.016,92750.195
2024-11-26T09:44:08.444,92724.9,92781.8,92732.54,92750.195
2024-11-26T09:44:08.464,92724.9,92781.8,92732.516,92750.195
2024-11-26T09:44:08.544,92724.9,92781.8,92732.516,92750.195
2024-11-26T09:44:08.564,92724.9,92781.8,92732.05,92749.57
2024-11-26T09:44:08.584,92724.9,92781.8,92731.14,92746.11
2024-11-26T09:44:08.604,92724.9,92781.8,92730.09,92744.24
2024-11-26T09:44:08.624,92724.9,92781.8,92729.49,92744.8
2024-11-26T09:44:08.644,92724.9,92781.8,92729.49,92744.83
2024-11-26T09:44:08.664,92724.9,92781.8,92729.63,92744.836
2024-11-26T09:44:08.684,92724.9,92781.8,92729.71,92744.81
2024-11-26T09:44:08.704,92724.9,92781.8,92729.69,92744.734
2024-11-26T09:44:08.724,92724.9,92781.8,92729.695,92744.734
2024-11-26T09:44:08.744,92724.9,92781.8,92729.7,92744.82
2024-11-26T09:44:08.764,92724.9,92781.8,92730.3,92744.54
2024-11-26T09:44:08.784,92724.9,92781.8,92730.375,92744.484
2024-11-26T09:44:08.804,92724.9,92781.8,92730.22,92744.484
2024-11-26T09:44:08.824,92724.9,92781.8,92730.47,92744.484
2024-11-26T09:44:08.864,92724.9,92781.8,92729.766,92744.47
2024-11-26T09:44:08.884,92724.9,92781.8,92729.87,92741.15
2024-11-26T09:44:08.904,92724.9,92781.8,92731.766,92741.484
2024-11-26T09:44:08.925,92724.9,92781.8,92731.61,92742.28
2024-11-26T09:44:08.945,92724.9,92781.8,92731.586,92742.53
2024-11-26T09:44:08.964,92724.9,92781.8,92731.35,92743.086
2024-11-26T09:44:08.985,92724.9,92781.8,92731.64,92742.43
2024-11-26T09:44:09.004,92724.9,92781.8,92731.64,92743.836
2024-11-26T09:44:09.024,92724.9,92781.8,92731.54,92744.26
2024-11-26T09:44:09.044,92724.9,92781.8,92731.664,92744.26
2024-11-26T09:44:09.064,92724.9,92781.8,92730.92,92744.18
2024-11-26T09:44:09.124,92724.9,92781.8,92730.99,92747.27
2024-11-26T09:44:09.144,92724.9,92781.8,92730.336,92746.26
2024-11-26T09:44:09.164,92724.9,92781.8,92730.46,92745.766
2024-11-26T09:44:09.184,92724.9,92781.8,92730.82,92744.914
2024-11-26T09:44:09.204,92724.9,92781.8,92730.7,92745.64
2024-11-26T09:44:09.224,92724.9,92781.8,92730.516,92745.2
2024-11-26T09:44:09.244,92724.9,92781.8,92730.78,92745.2
2024-11-26T09:44:09.264,92724.9,92781.8,92730.65,92745.26
2024-11-26T09:44:09.284,92724.9,92781.8,92730.95,92745.26
2024-11-26T09:44:09.304,92724.9,92781.8,92731.14,92745.47
2024-11-26T09:44:09.344,92724.9,92781.8,92731.14,92745.56
2024-11-26T09:44:09.364,92724.9,92781.8,92731.16,92745.71
2024-11-26T09:44:09.404,92724.9,92781.8,92730.95,92745.71
2024-11-26T09:44:09.424,92724.9,92781.8,92730.97,92745.71
2024-11-26T09:44:09.444,92724.9,92781.8,92730.98,92745.71
2024-11-26T09:44:09.464,92724.9,92781.8,92730.98,92745.71
2024-11-26T09:44:09.484,92724.9,92781.8,92731.15,92745.7
2024-11-26T09:44:09.504,92724.9,92781.8,92731.14,92745.984
2024-11-26T09:44:09.524,92724.9,92781.8,92731.11,92746.39
2024-11-26T09:44:09.544,92724.9,92781.8,92731.09,92746.484
2024-11-26T09:44:09.564,92724.9,92781.8,92731.36,92746.484
2024-11-26T09:44:09.584,92724.9,92781.8,92731.35,92746.586
2024-11-26T09:44:09.604,92724.9,92781.8,92739.305,92756.336
2024-11-26T09:44:09.624,92724.9,92781.8,92741.76,92756.5
2024-11-26T09:44:09.644,92724.9,92781.8,92743.125,92757.41
2024-11-26T09:44:09.664,92724.9,92781.8,92740.67,92758.09
2024-11-26T09:44:09.684,92724.9,92781.8,92740.734,92757.47
2024-11-26T09:44:09.704,92724.9,92781.8,92741.1,92757.67
2024-11-26T09:44:09.724,92724.9,92781.8,92739.66,92760.01
2024-11-26T09:44:09.744,92724.9,92781.8,92744.43,92761.26
2024-11-26T09:44:09.764,92724.9,92781.8,92745.32,92766.79
2024-11-26T09:44:09.784,92724.9,92781.8,92746.67,92766.266
2024-11-26T09:44:09.804,92724.9,92781.8,92747.31,92766.42
2024-11-26T09:44:09.824,92724.9,92781.8,92747.09,92766.46
2024-11-26T09:44:09.844,92724.9,92781.8,92747.27,92766.46
2024-11-26T09:44:09.864,92724.9,92781.8,92746.98,92760.86
2024-11-26T09:44:09.884,92724.9,92781.8,92746.96,92760.96
2024-11-26T09:44:09.904,92724.9,92781.8,92747.39,92760.97
2024-11-26T09:44:09.924,92724.9,92781.8,92746.69,92761.055
2024-11-26T09:44:09.944,92724.9,92781.8,92747.125,92761.21
2024-11-26T09:44:09.964,92724.9,92781.8,92747.11,92761.4
2024-11-26T09:44:09.984,92724.9,92781.8,92746.55,92761.414
2024-11-26T09:44:10.004,92724.9,92781.8,92747.37,92761.414
2024-11-26T09:44:10.024,92724.9,92781.8,92746.83,92761.414
2024-11-26T09:44:10.044,92724.9,92781.8,92747.35,92761.414
2024-11-26T09:44:10.064,92724.9,92781.8,92746.83,92761.414
2024-11-26T09:44:10.084,92724.9,92781.8,92746.83,92761.39
2024-11-26T09:44:10.124,92724.9,92781.8,92746.805,92760.89
2024-11-26T09:44:10.144,92724.9,92781.8,92746.82,92760.164
2024-11-26T09:44:10.164,92724.9,92781.8,92746.88,92760.086
2024-11-26T09:44:10.184,92724.9,92781.8,92747.875,92760.05
2024-11-26T09:44:10.204,92724.9,92781.8,92747.87,92760.05
2024-11-26T09:44:10.224,92724.9,92781.8,92747.87,92760.375
2024-11-26T09:44:10.244,92724.9,92781.8,92746.93,92760.445
2024-11-26T09:44:10.264,92724.9,92781.8,92746.91,92760.6
2024-11-26T09:44:10.284,92724.9,92781.8,92746.9,92760.46
2024-11-26T09:44:10.364,92724.9,92781.8,92746.89,92760.46
2024-11-26T09:44:10.404,92724.9,92781.8,92746.9,92760.46
2024-11-26T09:44:10.444,92724.9,92781.8,92746.89,92760.46
2024-11-26T09:44:10.464,92724.9,92781.8,92746.875,92760.49
2024-11-26T09:44:10.484,92724.9,92781.8,92746.875,92760.49
2024-11-26T09:44:10.524,92724.9,92781.8,92746.875,92760.49
2024-11-26T09:44:10.544,92724.9,92781.8,92746.875,92760.49
2024-11-26T09:44:10.584,92724.9,92781.8,92746.875,92760.63
2024-11-26T09:44:10.644,92724.9,92781.8,92746.875,92761.45
2024-11-26T09:44:10.664,92724.9,92781.8,92746.875,92761.586
2024-11-26T09:44:10.684,92724.9,92781.8,92746.875,92761.77
2024-11-26T09:44:10.704,92724.9,92781.8,92746.89,92761.77
2024-11-26T09:44:10.764,92724.9,92781.8,92746.89,92761.7
2024-11-26T09:44:10.784,92724.9,92781.8,92746.89,92761.91
2024-11-26T09:44:10.804,92724.9,92781.8,92746.875,92761.94
2024-11-26T09:44:10.844,92724.9,92781.8,92746.875,92762.87
2024-11-26T09:44:10.904,92724.9,92781.8,92746.875,92762.85
2024-11-26T09:44:10.944,92724.9,92781.8,92746.86,92760.25
2024-11-26T09:44:10.964,92724.9,92781.8,92746.86,92760.555
2024-11-26T09:44:10.984,92724.9,92781.8,92746.75,92761.68
2024-11-26T09:44:11.044,92724.9,92781.8,92746.75,92761.89
2024-11-26T09:44:11.064,92724.9,92781.8,92746.086,92761.92
2024-11-26T09:44:11.084,92724.9,92781.8,92746.664,92761.92
2024-11-26T09:44:11.104,92724.9,92781.8,92746.625,92762.016
2024-11-26T09:44:11.124,92724.9,92781.8,92746.59,92762.89
2024-11-26T09:44:11.144,92724.9,92781.8,92746.59,92762.89
2024-11-26T09:44:11.244,92724.9,92781.8,92746.59,92763.83
2024-11-26T09:44:11.264,92724.9,92781.8,92746.62,92765.56
2024-11-26T09:44:11.284,92724.9,92781.8,92746.59,92766.24
2024-11-26T09:44:11.304,92724.9,92781.8,92746.234,92765.07
2024-11-26T09:44:11.324,92724.9,92781.8,92746.086,92763.6
2024-11-26T09:44:11.344,92724.9,92781.8,92746.086,92763.586
2024-11-26T09:44:11.364,92724.9,92781.8,92746.61,92761.86
2024-11-26T09:44:11.384,92724.9,92781.8,92746.95,92761.83
2024-11-26T09:44:11.404,92724.9,92781.8,92746.75,92761.83
2024-11-26T09:44:11.444,92724.9,92781.8,92746.75,92761.83
2024-11-26T09:44:11.464,92724.9,92781.8,92746.59,92761.83
2024-11-26T09:44:11.564,92724.9,92781.8,92746.59,92761.83
2024-11-26T09:44:11.584,92724.9,92781.8,92746.59,92762.71
2024-11-26T09:44:11.604,92724.9,92781.8,92746.59,92762.734
2024-11-26T09:44:11.624,92724.9,92781.8,92746.625,92762.734
2024-11-26T09:44:11.644,92724.9,92781.8,92746.625,92762.734
2024-11-26T09:44:11.684,92724.9,92781.8,92746.57,92762.734
2024-11-26T09:44:11.724,92724.9,92781.8,92746.56,92762.734
2024-11-26T09:44:11.764,92724.9,92781.8,92746.56,92762.734
2024-11-26T09:44:11.784,92724.9,92781.8,92746.555,92762.734
2024-11-26T09:44:11.804,92724.9,92781.8,92746.625,92762.734
2024-11-26T09:44:11.824,92724.9,92781.8,92746.09,92762.734
2024-11-26T09:44:11.844,92724.9,92781.8,92746.625,92762.734
2024-11-26T09:44:11.904,92724.9,92781.8,92746.625,92762.76
2024-11-26T09:44:11.924,92724.9,92781.8,92746.086,92762.76
2024-11-26T09:44:11.944,92724.9,92781.8,92746.63,92762.76
2024-11-26T09:44:11.964,92724.9,92781.8,92746.63,92761.73
2024-11-26T09:44:11.984,92724.9,92781.8,92746.586,92761.555
2024-11-26T09:44:12.004,92724.9,92781.8,92746.695,92760.55
2024-11-26T09:44:12.024,92724.9,92781.8,92746.34,92757.64
2024-11-26T09:44:12.044,92724.9,92781.8,92745.63,92755.414
2024-11-26T09:44:12.065,92724.9,92781.8,92746.03,92756.26
2024-11-26T09:44:12.084,92724.9,92781.8,92745.664,92756.57
2024-11-26T09:44:12.104,92724.9,92781.8,92741.19,92756.47
2024-11-26T09:44:12.124,92724.9,92781.8,92741.19,92754.72
2024-11-26T09:44:12.144,92724.9,92781.8,92741.03,92754.78
2024-11-26T09:44:12.164,92724.9,92781.8,92741.0,92754.78
2024-11-26T09:44:12.184,92724.9,92781.8,92740.76,92754.8
2024-11-26T09:44:12.204,92724.9,92781.8,92740.734,92754.8
2024-11-26T09:44:12.224,92724.9,92781.8,92740.94,92755.055
2024-11-26T09:44:12.244,92724.9,92781.8,92740.734,92752.06
2024-11-26T09:44:12.264,92724.9,92781.8,92740.31,92751.24
2024-11-26T09:44:12.284,92724.9,92781.8,92741.0,92750.86
2024-11-26T09:44:12.304,92724.9,92781.8,92733.87,92750.66
2024-11-26T09:44:12.324,92724.9,92781.8,92732.9,92751.664
2024-11-26T09:44:12.344,92724.9,92781.8,92732.61,92751.67
2024-11-26T09:44:12.364,92724.9,92781.8,92732.59,92748.48
2024-11-26T09:44:12.384,92724.9,92781.8,92732.55,92746.89
2024-11-26T09:44:12.404,92724.9,92781.8,92732.63,92747.1
2024-11-26T09:44:12.424,92724.9,92781.8,92732.68,92747.125
2024-11-26T09:44:12.444,92724.9,92781.8,92732.836,92747.23
2024-11-26T09:44:12.464,92724.9,92781.8,92732.8,92747.27
2024-11-26T09:44:12.484,92724.9,92781.8,92734.945,92747.414
2024-11-26T09:44:12.504,92724.9,92781.8,92736.695,92748.77
2024-11-26T09:44:12.524,92724.9,92781.8,92736.51,92750.086
2024-11-26T09:44:12.544,92724.9,92781.8,92735.83,92757.51
2024-11-26T09:44:12.564,92724.9,92781.8,92748.6,92758.87
2024-11-26T09:44:12.584,92724.9,92781.8,92748.58,92759.46
2024-11-26T09:44:12.604,92724.9,92781.8,92747.14,92760.4
2024-11-26T09:44:12.624,92724.9,92781.8,92749.89,92766.09
2024-11-26T09:44:12.644,92724.9,92781.8,92750.86,92767.59
2024-11-26T09:44:12.664,92724.9,92781.8,92750.57,92767.37
2024-11-26T09:44:12.684,92724.9,92781.8,92748.555,92762.6
2024-11-26T09:44:12.704,92724.9,92781.8,92746.62,92762.805
2024-11-26T09:44:12.724,92724.9,92781.8,92743.12,92762.78
2024-11-26T09:44:12.744,92724.9,92781.8,92743.18,92760.4
2024-11-26T09:44:12.764,92724.9,92781.8,92743.13,92760.766
2024-11-26T09:44:12.784,92724.9,92781.8,92743.33,92761.83
2024-11-26T09:44:12.804,92724.9,92781.8,92743.17,92761.85
2024-11-26T09:44:12.824,92724.9,92781.8,92743.016,92761.73
2024-11-26T09:44:12.844,92724.9,92781.8,92741.125,92761.93
2024-11-26T09:44:12.864,92724.9,92781.8,92740.98,92762.195
2024-11-26T09:44:12.884,92724.9,92781.8,92739.805,92759.43
2024-11-26T09:44:12.904,92724.9,92781.8,92741.266,92759.016
2024-11-26T09:44:12.924,92724.9,92781.8,92742.63,92759.81
2024-11-26T09:44:12.944,92724.9,92781.8,92744.08,92761.02
2024-11-26T09:44:12.964,92724.9,92781.8,92744.055,92761.74
2024-11-26T09:44:12.985,92724.9,92781.8,92744.08,92757.06
2024-11-26T09:44:13.004,92724.9,92781.8,92743.87,92756.984
2024-11-26T09:44:13.024,92724.9,92781.8,92743.87,92756.97
2024-11-26T09:44:13.044,92724.9,92781.8,92742.58,92757.805
2024-11-26T09:44:13.064,92724.9,92781.8,92742.586,92757.81
2024-11-26T09:44:13.084,92724.9,92781.8,92743.51,92757.516
2024-11-26T09:44:13.104,92724.9,92781.8,92743.02,92766.01
2024-11-26T09:44:13.124,92724.9,92781.8,92743.945,92766.27
2024-11-26T09:44:13.144,92724.9,92781.8,92743.53,92766.33
2024-11-26T09:44:13.164,92724.9,92781.8,92743.83,92766.33
2024-11-26T09:44:13.184,92724.9,92781.8,92744.11,92766.305
2024-11-26T09:44:13.204,92724.9,92781.8,92744.875,92766.3
2024-11-26T09:44:13.224,92724.9,92781.8,92744.61,92766.49
2024-11-26T09:44:13.244,92724.9,92781.8,92745.66,92765.766
2024-11-26T09:44:13.264,92724.9,92781.8,92746.625,92764.81
2024-11-26T09:44:13.284,92724.9,92781.8,92747.36,92763.16
2024-11-26T09:44:13.304,92724.9,92781.8,92745.6,92762.64
2024-11-26T09:44:13.324,92724.9,92781.8,92746.83,92762.47
