server_time,best_bid_price,best_ask_price,avg_buy_price,avg_sell_price
2024-11-26T11:57:40.084,92425.9,92455.3,92431.08,92446.14
2024-11-26T11:57:40.104,92425.8,92455.3,92431.01,92446.14
2024-11-26T11:57:40.144,92425.8,92455.3,92431.02,92446.14
2024-11-26T11:57:40.184,92425.7,92455.3,92430.99,92446.14
2024-11-26T11:57:40.224,92425.5,92455.3,92430.336,92446.14
2024-11-26T11:57:40.244,92425.7,92455.3,92429.98,92446.22
2024-11-26T11:57:40.264,92425.7,92455.3,92429.79,92446.22
2024-11-26T11:57:40.284,92425.8,92455.3,92429.83,92446.23
2024-11-26T11:57:40.304,92426.0,92455.4,92429.94,92446.64
2024-11-26T11:57:40.324,92426.0,92455.4,92429.95,92446.64
2024-11-26T11:57:40.364,92426.0,92455.4,92429.94,92446.64
2024-11-26T11:57:40.404,92426.0,92455.4,92429.97,92446.64
2024-11-26T11:57:40.464,92426.0,92455.6,92430.25,92446.84
2024-11-26T11:57:40.484,92426.1,92455.4,92430.266,92446.79
2024-11-26T11:57:40.504,92426.3,92455.3,92430.4,92446.34
2024-11-26T11:57:40.524,92426.3,92455.3,92430.4,92446.35
2024-11-26T11:57:40.564,92426.3,92455.4,92430.39,92446.8
2024-11-26T11:57:40.584,92426.5,92455.4,92432.18,92446.805
2024-11-26T11:57:40.604,92426.4,92455.3,92432.336,92446.36
2024-11-26T11:57:40.624,92426.3,92455.3,92432.164,92446.35
2024-11-26T11:57:40.644,92426.0,92455.3,92431.2,92446.35
2024-11-26T11:57:40.664,92426.0,92455.4,92430.67,92446.734
2024-11-26T11:57:40.684,92425.9,92455.4,92430.24,92446.734
2024-11-26T11:57:40.704,92426.0,92455.4,92429.93,92446.734
2024-11-26T11:57:40.764,92426.0,92455.4,92429.96,92446.74
2024-11-26T11:57:40.784,92426.0,92455.4,92429.96,92446.74
2024-11-26T11:57:40.804,92426.0,92455.3,92429.96,92446.3
2024-11-26T11:57:40.824,92426.0,92455.3,92429.95,92446.3
2024-11-26T11:57:40.844,92426.0,92455.3,92429.96,92446.3
2024-11-26T11:57:40.864,92426.0,92455.3,92429.93,92446.3
2024-11-26T11:57:40.884,92426.0,92455.4,92429.95,92446.74
2024-11-26T11:57:40.904,92426.0,92455.3,92429.95,92446.29
2024-11-26T11:57:40.924,92426.0,92455.2,92429.96,92446.21
2024-11-26T11:57:40.944,92426.0,92455.3,92429.95,92446.33
2024-11-26T11:57:40.964,92426.0,92455.4,92429.95,92446.734
2024-11-26T11:57:40.984,92426.0,92455.3,92429.95,92446.3
2024-11-26T11:57:41.004,92425.9,92455.3,92429.88,92446.3
2024-11-26T11:57:41.024,92425.9,92455.3,92429.88,92446.29
2024-11-26T11:57:41.064,92425.9,92455.3,92429.88,92446.3
2024-11-26T11:57:41.144,92425.9,92455.3,92429.88,92446.414
2024-11-26T11:57:41.184,92425.9,92455.2,92429.88,92446.35
2024-11-26T11:57:41.204,92425.9,92455.1,92429.88,92446.24
2024-11-26T11:57:41.224,92425.9,92455.1,92430.33,92446.28
2024-11-26T11:57:41.244,92426.0,92455.2,92430.31,92446.375
2024-11-26T11:57:41.264,92426.0,92455.2,92430.31,92446.38
2024-11-26T11:57:41.284,92426.0,92455.2,92430.04,92446.38
2024-11-26T11:57:41.325,92404.1,92449.2,92410.21,92440.46
2024-11-26T11:57:41.344,92402.2,92444.8,92408.516,92436.99
2024-11-26T11:57:41.364,92407.3,92443.9,92411.58,92432.88
2024-11-26T11:57:41.384,92407.2,92442.1,92411.34,92431.09
2024-11-26T11:57:41.405,92402.1,92437.1,92410.3,92431.51
2024-11-26T11:57:41.424,92403.1,92436.9,92410.55,92429.82
2024-11-26T11:57:41.444,92403.2,92436.9,92410.414,92430.27
2024-11-26T11:57:41.464,92403.3,92436.7,92410.72,92431.445
2024-11-26T11:57:41.484,92402.5,92436.7,92410.375,92430.484
2024-11-26T11:57:41.504,92402.2,92436.7,92410.46,92430.55
2024-11-26T11:57:41.524,92402.2,92436.9,92410.484,92431.336
2024-11-26T11:57:41.544,92402.9,92436.9,92410.95,92431.37
2024-11-26T11:57:41.564,92403.2,92437.0,92411.41,92434.01
2024-11-26T11:57:41.584,92404.1,92437.1,92411.9,92433.625
2024-11-26T11:57:41.604,92404.1,92437.4,92410.79,92433.766
2024-11-26T11:57:41.624,92403.9,92437.0,92409.42,92432.766
2024-11-26T11:57:41.645,92404.0,92436.8,92409.84,92432.25
2024-11-26T11:57:41.664,92404.0,92436.8,92408.88,92432.25
2024-11-26T11:57:41.684,92403.8,92436.7,92406.984,92430.68
2024-11-26T11:57:41.704,92403.7,92436.7,92406.84,92430.74
2024-11-26T11:57:41.724,92403.6,92436.5,92407.43,92430.18
2024-11-26T11:57:41.744,92403.6,92436.4,92406.78,92430.17
2024-11-26T11:57:41.764,92403.5,92436.5,92406.72,92430.17
2024-11-26T11:57:41.784,92402.1,92436.6,92406.31,92430.305
2024-11-26T11:57:41.804,92402.2,92436.5,92406.22,92430.37
2024-11-26T11:57:41.824,92402.3,92436.5,92406.266,92430.266
2024-11-26T11:57:41.844,92402.3,92436.6,92406.266,92430.48
2024-11-26T11:57:41.864,92402.4,92436.6,92406.31,92430.46
2024-11-26T11:57:41.884,92403.2,92436.5,92407.17,92430.31
2024-11-26T11:57:41.904,92403.3,92436.5,92408.33,92430.375
2024-11-26T11:57:41.925,92403.5,92436.4,92408.71,92430.37
2024-11-26T11:57:41.944,92403.3,92436.4,92408.47,92430.37
2024-11-26T11:57:41.984,92403.3,92436.4,92408.664,92430.35
2024-11-26T11:57:42.004,92403.3,92436.4,92408.68,92430.35
2024-11-26T11:57:42.024,92403.3,92436.5,92408.664,92430.35
2024-11-26T11:57:42.044,92403.3,92436.5,92408.57,92430.35
2024-11-26T11:57:42.064,92403.5,92436.4,92408.64,92430.34
2024-11-26T11:57:42.084,92403.6,92436.5,92408.78,92430.57
2024-11-26T11:57:42.104,92403.6,92436.6,92409.01,92430.7
2024-11-26T11:57:42.124,92403.8,92436.7,92409.414,92431.27
2024-11-26T11:57:42.144,92403.8,92436.7,92409.28,92431.27
2024-11-26T11:57:42.164,92403.8,92436.8,92409.28,92431.24
2024-11-26T11:57:42.185,92403.8,92436.9,92409.28,92432.18
2024-11-26T11:57:42.204,92403.8,92436.9,92409.414,92432.17
2024-11-26T11:57:42.224,92403.9,92436.9,92409.44,92432.17
2024-11-26T11:57:42.244,92404.0,92436.9,92409.1,92432.18
2024-11-26T11:57:42.264,92404.0,92436.9,92409.695,92432.18
2024-11-26T11:57:42.284,92404.1,92436.9,92410.52,92432.18
2024-11-26T11:57:42.304,92404.1,92436.9,92411.336,92432.21
2024-11-26T11:57:42.325,92404.3,92436.9,92411.35,92432.21
2024-11-26T11:57:42.344,92404.4,92436.9,92413.09,92432.21
2024-11-26T11:57:42.364,92404.4,92436.9,92413.09,92432.21
2024-11-26T11:57:42.385,92404.3,92436.9,92411.12,92432.21
2024-11-26T11:57:42.404,92404.3,92437.0,92411.67,92432.25
2024-11-26T11:57:42.424,92404.3,92437.1,92411.67,92432.516
2024-11-26T11:57:42.444,92404.3,92437.1,92411.59,92432.484
2024-11-26T11:57:42.484,92404.3,92437.1,92411.65,92432.484
2024-11-26T11:57:42.504,92404.3,92437.1,92411.09,92432.5
2024-11-26T11:57:42.525,92404.4,92437.1,92412.87,92432.5
2024-11-26T11:57:42.585,92404.5,92437.1,92412.87,92432.69
2024-11-26T11:57:42.604,92404.4,92437.3,92412.76,92432.695
2024-11-26T11:57:42.624,92404.9,92437.5,92412.836,92435.38
2024-11-26T11:57:42.644,92406.8,92437.6,92414.11,92435.37
2024-11-26T11:57:42.664,92407.2,92438.4,92416.79,92436.58
2024-11-26T11:57:42.684,92408.1,92442.0,92418.15,92438.59
2024-11-26T11:57:42.704,92409.6,92444.2,92420.945,92441.01
2024-11-26T11:57:42.724,92410.0,92444.7,92421.7,92441.26
2024-11-26T11:57:42.744,92410.8,92444.7,92420.14,92441.03
2024-11-26T11:57:42.764,92411.0,92444.7,92420.65,92440.81
2024-11-26T11:57:42.784,92411.0,92444.8,92420.64,92440.83
2024-11-26T11:57:42.804,92412.0,92444.5,92421.75,92440.68
2024-11-26T11:57:42.824,92412.5,92444.4,92421.7,92440.63
2024-11-26T11:57:42.844,92412.1,92444.1,92420.97,92440.62
2024-11-26T11:57:42.864,92412.1,92444.1,92420.87,92440.62
2024-11-26T11:57:42.884,92412.5,92444.1,92420.875,92440.62
2024-11-26T11:57:42.904,92412.6,92444.0,92420.875,92440.61
2024-11-26T11:57:42.924,92412.6,92444.1,92420.85,92440.695
2024-11-26T11:57:42.944,92412.6,92444.1,92420.85,92440.68
2024-11-26T11:57:42.984,92412.6,92444.1,92420.85,92440.68
2024-11-26T11:57:43.004,92413.3,92444.1,92419.914,92440.68
2024-11-26T11:57:43.044,92412.6,92444.1,92419.92,92440.68
2024-11-26T11:57:43.064,92412.6,92444.1,92419.92,92440.68
2024-11-26T11:57:43.084,92412.6,92444.1,92419.93,92440.68
2024-11-26T11:57:43.104,92412.6,92444.1,92420.85,92440.68
2024-11-26T11:57:43.124,92413.3,92444.1,92420.86,92440.68
2024-11-26T11:57:43.144,92413.3,92444.4,92420.86,92440.73
2024-11-26T11:57:43.164,92412.6,92444.5,92420.85,92440.836
2024-11-26T11:57:43.184,92413.5,92444.5,92421.65,92440.85
2024-11-26T11:57:43.224,92413.6,92444.5,92422.61,92440.85
2024-11-26T11:57:43.244,92413.6,92444.5,92422.61,92440.85
2024-11-26T11:57:43.264,92413.5,92444.5,92421.65,92440.85
2024-11-26T11:57:43.304,92413.5,92444.5,92420.81,92440.85
2024-11-26T11:57:43.344,92413.6,92444.5,92422.61,92440.85
2024-11-26T11:57:43.364,92413.5,92444.5,92420.81,92440.85
2024-11-26T11:57:43.424,92413.5,92444.4,92420.81,92440.79
2024-11-26T11:57:43.444,92413.6,92444.4,92422.61,92440.734
2024-11-26T11:57:43.464,92413.6,92444.4,92422.61,92440.734
2024-11-26T11:57:43.504,92413.5,92444.5,92421.65,92440.81
2024-11-26T11:57:43.564,92413.6,92444.5,92422.61,92440.81
2024-11-26T11:57:43.584,92413.6,92444.5,92421.09,92440.81
2024-11-26T11:57:43.604,92413.6,92444.5,92421.09,92440.805
2024-11-26T11:57:43.644,92413.6,92444.5,92421.09,92440.984
2024-11-26T11:57:43.664,92413.6,92444.5,92421.32,92440.82
2024-11-26T11:57:43.684,92413.6,92444.5,92421.32,92440.82
2024-11-26T11:57:43.704,92413.6,92444.1,92421.305,92440.79
2024-11-26T11:57:43.724,92413.5,92444.1,92421.28,92440.72
2024-11-26T11:57:43.744,92414.6,92443.6,92423.16,92441.23
2024-11-26T11:57:43.764,92414.7,92443.8,92422.836,92441.34
2024-11-26T11:57:43.784,92414.8,92443.9,92422.85,92441.57
2024-11-26T11:57:43.804,92414.7,92443.9,92422.84,92441.445
2024-11-26T11:57:43.824,92414.7,92443.9,92422.84,92441.37
2024-11-26T11:57:43.844,92414.7,92444.0,92422.84,92441.41
2024-11-26T11:57:43.864,92414.9,92444.0,92422.875,92441.41
2024-11-26T11:57:43.904,92414.8,92444.0,92422.85,92441.41
2024-11-26T11:57:43.924,92414.8,92444.0,92422.85,92441.41
2024-11-26T11:57:43.964,92414.9,92444.0,92422.875,92441.41
2024-11-26T11:57:43.984,92414.8,92444.0,92422.86,92441.41
2024-11-26T11:57:44.004,92414.8,92444.0,92422.86,92441.41
2024-11-26T11:57:44.024,92414.8,92444.0,92422.85,92441.41
2024-11-26T11:57:44.064,92414.8,92443.9,92422.85,92441.266
2024-11-26T11:57:44.084,92414.8,92443.6,92423.18,92441.234
2024-11-26T11:57:44.104,92414.8,92443.6,92423.18,92441.26
2024-11-26T11:57:44.124,92414.8,92443.6,92423.19,92441.266
2024-11-26T11:57:44.144,92414.8,92444.0,92423.17,92441.46
2024-11-26T11:57:44.164,92414.8,92444.0,92423.17,92441.47
2024-11-26T11:57:44.184,92414.8,92444.1,92423.17,92441.5
2024-11-26T11:57:44.204,92414.8,92444.3,92423.17,92441.516
2024-11-26T11:57:44.224,92414.8,92444.3,92423.16,92441.586
2024-11-26T11:57:44.244,92414.8,92444.3,92423.164,92441.586
2024-11-26T11:57:44.264,92414.8,92444.3,92423.164,92441.55
2024-11-26T11:57:44.284,92414.9,92444.3,92422.85,92441.55
2024-11-26T11:57:44.304,92414.9,92444.3,92422.836,92441.54
2024-11-26T11:57:44.324,92415.0,92444.4,92422.91,92441.58
2024-11-26T11:57:44.344,92414.9,92444.4,92422.836,92441.58
2024-11-26T11:57:44.364,92414.9,92444.4,92422.836,92441.49
2024-11-26T11:57:44.404,92415.0,92444.4,92422.91,92441.49
2024-11-26T11:57:44.444,92414.9,92444.1,92422.45,92441.33
2024-11-26T11:57:44.464,92414.9,92444.0,92422.45,92441.28
2024-11-26T11:57:44.504,92414.9,92444.0,92422.45,92441.3
2024-11-26T11:57:44.524,92415.0,92444.0,92422.53,92441.305
2024-11-26T11:57:44.544,92414.9,92444.0,92422.45,92441.305
2024-11-26T11:57:44.564,92414.9,92444.0,92422.47,92441.43
2024-11-26T11:57:44.584,92414.9,92444.1,92422.47,92441.58
2024-11-26T11:57:44.624,92414.9,92444.1,92422.46,92441.58
2024-11-26T11:57:44.644,92414.9,92444.0,92422.46,92441.516
2024-11-26T11:57:44.664,92414.9,92444.0,92422.47,92441.516
2024-11-26T11:57:44.684,92415.0,92444.0,92422.54,92441.516
2024-11-26T11:57:44.704,92415.0,92444.0,92422.54,92441.516
2024-11-26T11:57:44.724,92415.0,92443.9,92422.53,92441.34
2024-11-26T11:57:44.744,92415.0,92444.0,92422.53,92441.42
2024-11-26T11:57:44.764,92415.0,92444.0,92423.18,92441.42
2024-11-26T11:57:44.784,92415.0,92443.9,92423.586,92441.34
2024-11-26T11:57:44.804,92415.0,92443.9,92423.83,92441.34
2024-11-26T11:57:44.844,92415.0,92444.0,92423.82,92441.42
2024-11-26T11:57:44.884,92415.0,92444.0,92423.82,92441.42
2024-11-26T11:57:44.924,92415.0,92444.0,92423.82,92441.42
2024-11-26T11:57:44.944,92415.1,92443.9,92423.586,92441.31
2024-11-26T11:57:44.964,92415.1,92443.9,92423.586,92441.31
2024-11-26T11:57:44.984,92415.0,92443.9,92423.83,92441.38
2024-11-26T11:57:45.004,92415.0,92443.8,92423.38,92441.2
2024-11-26T11:57:45.024,92415.0,92443.5,92423.38,92441.13
2024-11-26T11:57:45.044,92415.1,92443.4,92423.37,92441.12
2024-11-26T11:57:45.064,92415.1,92443.5,92423.56,92441.125
2024-11-26T11:57:45.104,92415.1,92443.6,92423.56,92441.21
2024-11-26T11:57:45.144,92415.2,92443.6,92424.125,92441.21
2024-11-26T11:57:45.164,92415.2,92443.5,92424.125,92441.125
2024-11-26T11:57:45.184,92415.3,92443.5,92424.13,92441.12
2024-11-26T11:57:45.204,92415.3,92443.6,92424.375,92441.35
2024-11-26T11:57:45.224,92415.3,92443.8,92424.375,92441.28
2024-11-26T11:57:45.244,92415.4,92444.1,92424.38,92441.875
2024-11-26T11:57:45.264,92415.4,92444.3,92424.38,92441.93
2024-11-26T11:57:45.284,92415.3,92444.3,92424.38,92441.93
2024-11-26T11:57:45.304,92415.4,92444.1,92424.34,92441.49
2024-11-26T11:57:45.324,92415.3,92444.1,92424.51,92441.766
2024-11-26T11:57:45.344,92415.3,92444.1,92424.51,92441.77
2024-11-26T11:57:45.364,92415.3,92444.1,92424.51,92441.77
2024-11-26T11:57:45.384,92415.3,92444.1,92424.51,92441.77
2024-11-26T11:57:45.404,92415.9,92444.4,92424.586,92441.51
2024-11-26T11:57:45.424,92415.9,92444.5,92424.586,92441.875
2024-11-26T11:57:45.444,92415.9,92444.5,92424.586,92441.87
2024-11-26T11:57:45.464,92416.0,92444.5,92424.58,92441.87
2024-11-26T11:57:45.484,92415.9,92444.5,92424.58,92441.875
2024-11-26T11:57:45.504,92415.7,92444.7,92424.555,92442.125
2024-11-26T11:57:45.524,92415.7,92444.7,92424.56,92442.125
2024-11-26T11:57:45.544,92415.7,92444.8,92424.56,92442.195
2024-11-26T11:57:45.564,92415.7,92444.7,92424.56,92442.125
2024-11-26T11:57:45.584,92415.7,92444.8,92424.555,92442.4
2024-11-26T11:57:45.604,92415.7,92444.9,92424.555,92442.35
2024-11-26T11:57:45.624,92415.7,92444.9,92424.56,92442.35
2024-11-26T11:57:45.664,92415.7,92444.9,92424.56,92442.36
2024-11-26T11:57:45.684,92415.7,92444.8,92424.56,92442.0
2024-11-26T11:57:45.704,92415.7,92444.7,92424.555,92441.69
2024-11-26T11:57:45.724,92415.7,92444.5,92424.555,92441.58
2024-11-26T11:57:45.744,92415.7,92444.5,92424.555,92441.58
2024-11-26T11:57:45.764,92415.7,92444.4,92424.555,92441.58
2024-11-26T11:57:45.804,92415.7,92444.5,92424.555,92441.58
2024-11-26T11:57:45.824,92415.9,92444.5,92424.58,92441.58
2024-11-26T11:57:45.844,92415.7,92444.5,92424.555,92441.58
2024-11-26T11:57:45.924,92415.7,92444.4,92424.555,92441.55
2024-11-26T11:57:45.944,92415.7,92444.3,92424.555,92441.52
2024-11-26T11:57:45.964,92415.7,92444.3,92424.42,92441.38
2024-11-26T11:57:45.984,92415.7,92444.4,92424.42,92441.41
2024-11-26T11:57:46.004,92415.9,92444.3,92424.445,92441.31
2024-11-26T11:57:46.024,92415.9,92444.1,92424.445,92441.28
2024-11-26T11:57:46.044,92415.7,92444.0,92424.42,92440.64
2024-11-26T11:57:46.064,92415.7,92444.3,92424.42,92441.3
2024-11-26T11:57:46.104,92415.7,92444.3,92424.42,92441.3
2024-11-26T11:57:46.124,92415.7,92444.3,92424.42,92441.31
2024-11-26T11:57:46.144,92415.7,92444.3,92424.42,92441.31
2024-11-26T11:57:46.184,92415.7,92444.1,92424.42,92441.3
2024-11-26T11:57:46.224,92415.7,92444.3,92424.42,92441.31
2024-11-26T11:57:46.244,92415.8,92444.1,92424.445,92441.3
2024-11-26T11:57:46.264,92415.8,92444.0,92424.445,92441.24
2024-11-26T11:57:46.284,92415.7,92444.0,92424.42,92441.25
2024-11-26T11:57:46.304,92415.7,92444.0,92424.414,92441.7
2024-11-26T11:57:46.324,92415.7,92444.0,92424.414,92441.42
2024-11-26T11:57:46.344,92417.0,92444.0,92427.21,92441.09
2024-11-26T11:57:46.364,92417.1,92444.5,92426.85,92441.305
2024-11-26T11:57:46.384,92417.0,92444.4,92426.49,92441.305
2024-11-26T11:57:46.404,92416.9,92444.4,92426.42,92441.305
2024-11-26T11:57:46.424,92416.9,92444.4,92426.37,92441.31
2024-11-26T11:57:46.444,92417.0,92444.3,92426.38,92441.3
2024-11-26T11:57:46.484,92416.6,92444.4,92426.35,92441.31
2024-11-26T11:57:46.504,92416.5,92444.4,92426.34,92441.336
2024-11-26T11:57:46.524,92416.5,92444.5,92426.34,92441.336
2024-11-26T11:57:46.544,92416.5,92444.5,92426.34,92441.33
2024-11-26T11:57:46.564,92417.2,92445.9,92429.9,92442.34
2024-11-26T11:57:46.584,92419.7,92445.5,92433.086,92441.766
2024-11-26T11:57:46.605,92418.5,92446.1,92429.69,92442.73
2024-11-26T11:57:46.624,92418.4,92446.2,92429.875,92442.69
2024-11-26T11:57:46.644,92418.4,92446.3,92429.9,92443.32
2024-11-26T11:57:46.664,92418.4,92446.3,92429.29,92442.914
2024-11-26T11:57:46.684,92418.4,92446.3,92429.18,92442.94
2024-11-26T11:57:46.704,92418.2,92446.2,92427.37,92442.89
2024-11-26T11:57:46.724,92418.1,92446.2,92426.414,92442.9
2024-11-26T11:57:46.744,92418.0,92446.2,92425.88,92442.9
2024-11-26T11:57:46.764,92418.0,92446.2,92426.24,92442.9
2024-11-26T11:57:46.785,92418.0,92446.2,92426.28,92442.92
2024-11-26T11:57:46.805,92418.2,92446.2,92427.82,92442.92
2024-11-26T11:57:46.824,92418.2,92446.2,92427.6,92442.85
2024-11-26T11:57:46.844,92418.1,92446.2,92426.51,92442.85
2024-11-26T11:57:46.864,92418.1,92446.2,92426.05,92442.85
2024-11-26T11:57:46.884,92418.1,92446.2,92426.18,92442.91
2024-11-26T11:57:46.905,92418.3,92446.1,92427.8,92442.914
2024-11-26T11:57:46.924,92418.2,92446.1,92428.03,92443.05
2024-11-26T11:57:46.944,92418.2,92446.1,92428.03,92443.08
2024-11-26T11:57:46.964,92418.2,92446.1,92427.95,92443.13
2024-11-26T11:57:46.984,92418.2,92446.1,92428.03,92442.984
2024-11-26T11:57:47.005,92418.2,92446.1,92427.63,92442.87
2024-11-26T11:57:47.025,92418.2,92446.0,92427.57,92442.45
2024-11-26T11:57:47.044,92418.2,92446.0,92427.64,92442.45
2024-11-26T11:57:47.065,92418.2,92445.9,92427.58,92442.42
2024-11-26T11:57:47.084,92418.2,92445.9,92427.64,92442.43
2024-11-26T11:57:47.104,92418.2,92445.9,92427.625,92442.54
2024-11-26T11:57:47.125,92418.2,92446.1,92427.63,92443.0
2024-11-26T11:57:47.144,92418.2,92446.1,92427.56,92442.875
2024-11-26T11:57:47.164,92418.2,92446.2,92427.56,92442.95
2024-11-26T11:57:47.184,92418.3,92446.3,92427.67,92443.35
2024-11-26T11:57:47.204,92418.3,92446.4,92427.79,92443.75
2024-11-26T11:57:47.224,92418.4,92446.4,92427.94,92443.83
2024-11-26T11:57:47.244,92418.5,92446.3,92427.96,92443.87
2024-11-26T11:57:47.264,92419.6,92447.1,92428.8,92444.125
2024-11-26T11:57:47.284,92421.7,92452.1,92429.5,92449.016
2024-11-26T11:57:47.304,92421.6,92452.3,92429.266,92448.945
2024-11-26T11:57:47.324,92421.9,92453.0,92429.7,92446.93
2024-11-26T11:57:47.344,92421.9,92453.0,92429.6,92446.93
2024-11-26T11:57:47.364,92421.9,92453.0,92429.23,92446.93
2024-11-26T11:57:47.384,92422.0,92453.0,92429.16,92446.914
2024-11-26T11:57:47.404,92422.0,92453.1,92428.695,92446.875
2024-11-26T11:57:47.424,92422.7,92453.1,92428.65,92446.875
2024-11-26T11:57:47.444,92422.7,92452.6,92428.65,92446.914
2024-11-26T11:57:47.464,92422.0,92452.6,92428.64,92446.95
2024-11-26T11:57:47.484,92422.7,92452.6,92428.6,92446.95
2024-11-26T11:57:47.504,92422.7,92452.5,92428.75,92447.17
2024-11-26T11:57:47.524,92422.7,92452.3,92428.57,92447.17
2024-11-26T11:57:47.544,92423.0,92452.3,92428.73,92447.17
2024-11-26T11:57:47.584,92422.7,92452.3,92428.375,92447.17
2024-11-26T11:57:47.604,92422.7,92452.1,92428.125,92447.16
2024-11-26T11:57:47.624,92423.0,92452.0,92427.65,92447.14
2024-11-26T11:57:47.644,92423.0,92451.8,92427.73,92447.05
2024-11-26T11:57:47.664,92423.0,92451.5,92427.73,92447.04
2024-11-26T11:57:47.685,92422.7,92451.3,92427.484,92447.03
2024-11-26T11:57:47.704,92422.7,92451.3,92427.484,92447.02
2024-11-26T11:57:47.724,92422.7,92451.0,92427.53,92447.02
2024-11-26T11:57:47.744,92423.0,92451.0,92427.68,92447.02
2024-11-26T11:57:47.764,92422.4,92451.0,92427.54,92447.02
2024-11-26T11:57:47.784,92422.6,92451.4,92427.66,92447.16
2024-11-26T11:57:47.804,92422.4,92451.8,92427.69,92447.17
2024-11-26T11:57:47.824,92422.4,92451.8,92427.695,92447.17
2024-11-26T11:57:47.844,92422.4,92451.8,92427.8,92447.17
2024-11-26T11:57:47.864,92422.6,92451.8,92428.28,92447.17
2024-11-26T11:57:47.885,92422.6,92452.0,92428.43,92447.23
2024-11-26T11:57:47.904,92422.6,92452.0,92428.43,92447.23
2024-11-26T11:57:47.944,92422.4,92452.0,92428.42,92447.23
2024-11-26T11:57:47.965,92422.4,92452.0,92428.44,92447.23
2024-11-26T11:57:47.985,92422.4,92452.0,92428.44,92447.16
2024-11-26T11:57:48.004,92422.4,92452.0,92428.44,92447.28
2024-11-26T11:57:48.024,92422.6,92452.0,92428.445,92447.305
2024-11-26T11:57:48.065,92422.4,92451.8,92428.43,92447.29
2024-11-26T11:57:48.085,92422.4,92451.8,92428.43,92447.28
2024-11-26T11:57:48.105,92422.4,92452.0,92428.47,92447.2
2024-11-26T11:57:48.124,92422.4,92452.0,92428.47,92447.19
2024-11-26T11:57:48.144,92422.6,92452.0,92428.484,92447.164
2024-11-26T11:57:48.164,92422.6,92451.8,92428.484,92447.125
2024-11-26T11:57:48.204,92422.6,92451.8,92428.484,92447.14
2024-11-26T11:57:48.245,92422.6,92452.0,92428.41,92447.17
2024-11-26T11:57:48.264,92422.6,92451.8,92428.234,92447.125
2024-11-26T11:57:48.304,92422.6,92451.8,92428.234,92447.13
2024-11-26T11:57:48.324,92422.4,92451.8,92428.22,92447.13
2024-11-26T11:57:48.344,92422.4,92451.7,92428.19,92447.13
2024-11-26T11:57:48.364,92422.4,92451.7,92427.8,92447.13
2024-11-26T11:57:48.384,92422.4,92451.7,92427.62,92447.12
2024-11-26T11:57:48.404,92422.6,92451.7,92427.625,92447.12
2024-11-26T11:57:48.425,92422.6,92451.8,92427.625,92447.12
2024-11-26T11:57:48.464,92422.6,92451.8,92427.64,92447.13
2024-11-26T11:57:48.505,92422.6,92451.8,92427.64,92447.125
2024-11-26T11:57:48.525,92422.6,92451.7,92427.64,92447.08
2024-11-26T11:57:48.564,92422.4,92451.7,92427.625,92447.08
2024-11-26T11:57:48.584,92422.4,92451.7,92427.625,92447.07
2024-11-26T11:57:48.604,92422.6,92451.7,92427.63,92447.08
2024-11-26T11:57:48.625,92422.6,92451.7,92427.63,92447.07
2024-11-26T11:57:48.664,92422.6,92451.7,92427.63,92447.07
2024-11-26T11:57:48.685,92422.3,92450.9,92427.43,92446.85
2024-11-26T11:57:48.704,92422.3,92450.7,92427.49,92445.67
2024-11-26T11:57:48.724,92422.3,92450.7,92427.49,92445.64
2024-11-26T11:57:48.744,92422.4,92450.7,92427.48,92445.516
2024-11-26T11:57:48.764,92422.4,92450.7,92427.234,92445.52
2024-11-26T11:57:48.784,92422.4,92451.0,92427.516,92446.93
2024-11-26T11:57:48.804,92422.4,92451.0,92427.516,92446.92
2024-11-26T11:57:48.825,92422.4,92451.0,92427.516,92446.92
2024-11-26T11:57:48.844,92422.4,92450.9,92427.516,92446.93
2024-11-26T11:57:48.864,92422.7,92451.0,92428.25,92447.25
2024-11-26T11:57:48.885,92422.7,92451.3,92428.31,92447.26
2024-11-26T11:57:48.904,92422.7,92451.3,92428.46,92447.266
2024-11-26T11:57:48.924,92422.6,92451.5,92428.445,92447.266
2024-11-26T11:57:49.004,92422.7,92451.5,92428.44,92447.29
2024-11-26T11:57:49.025,92422.7,92451.5,92428.44,92447.29
2024-11-26T11:57:49.044,92422.6,92451.5,92428.44,92447.28
2024-11-26T11:57:49.064,92422.7,92451.5,92428.43,92447.28
2024-11-26T11:57:49.084,92422.7,92451.5,92428.43,92447.27
2024-11-26T11:57:49.124,92423.0,92451.5,92428.586,92447.27
2024-11-26T11:57:49.144,92423.0,92451.5,92428.586,92447.27
2024-11-26T11:57:49.164,92423.0,92451.5,92428.586,92447.27
2024-11-26T11:57:49.185,92422.7,92451.5,92428.43,92447.27
2024-11-26T11:57:49.224,92422.7,92451.7,92428.43,92447.305
2024-11-26T11:57:49.244,92423.0,92451.5,92428.586,92447.27
2024-11-26T11:57:49.264,92423.0,92451.5,92428.586,92448.15
2024-11-26T11:57:49.284,92423.0,92451.5,92428.586,92448.11
2024-11-26T11:57:49.304,92423.0,92451.5,92428.586,92448.125
2024-11-26T11:57:49.324,92423.0,92451.5,92428.586,92448.09
2024-11-26T11:57:49.344,92423.1,92451.7,92429.53,92448.13
2024-11-26T11:57:49.364,92423.1,92451.8,92429.53,92448.15
2024-11-26T11:57:49.384,92423.1,92451.8,92429.53,92448.17
2024-11-26T11:57:49.404,92423.9,92451.8,92429.54,92448.15
2024-11-26T11:57:49.444,92423.1,92451.8,92429.53,92448.13
2024-11-26T11:57:49.504,92423.1,92451.8,92429.73,92448.13
2024-11-26T11:57:49.524,92427.3,92455.5,92438.84,92451.01
2024-11-26T11:57:49.544,92428.2,92456.1,92440.305,92451.81
2024-11-26T11:57:49.564,92428.8,92456.3,92442.33,92453.56
2024-11-26T11:57:49.584,92429.6,92456.2,92440.37,92453.44
2024-11-26T11:57:49.604,92432.5,92459.7,92445.47,92455.664
2024-11-26T11:57:49.624,92432.9,92460.6,92443.46,92456.945
2024-11-26T11:57:49.644,92433.1,92460.7,92442.03,92457.78
2024-11-26T11:57:49.664,92434.1,92462.1,92447.734,92459.24
2024-11-26T11:57:49.684,92436.9,92465.1,92448.91,92461.61
2024-11-26T11:57:49.704,92438.9,92468.5,92448.71,92465.32
2024-11-26T11:57:49.724,92439.2,92469.0,92448.484,92465.77
2024-11-26T11:57:49.744,92443.7,92470.5,92456.305,92467.125
2024-11-26T11:57:49.764,92440.0,92471.6,92452.586,92469.03
2024-11-26T11:57:49.784,92443.2,92471.9,92453.19,92470.15
2024-11-26T11:57:49.804,92444.2,92473.1,92460.16,92470.4
2024-11-26T11:57:49.824,92444.0,92478.8,92456.62,92474.01
2024-11-26T11:57:49.844,92444.5,92479.4,92456.734,92474.836
2024-11-26T11:57:49.864,92443.8,92480.1,92455.945,92475.68
2024-11-26T11:57:49.884,92443.8,92480.4,92453.37,92475.14
2024-11-26T11:57:49.904,92444.0,92480.9,92454.375,92477.43
2024-11-26T11:57:49.924,92444.1,92480.1,92455.46,92477.37
2024-11-26T11:57:49.944,92444.0,92480.1,92454.14,92476.94
2024-11-26T11:57:49.964,92444.0,92480.1,92455.734,92477.26
2024-11-26T11:57:49.984,92444.5,92480.0,92454.55,92477.21
2024-11-26T11:57:50.004,92444.7,92480.1,92454.05,92477.26
2024-11-26T11:57:50.024,92449.5,92480.2,92458.23,92478.73
2024-11-26T11:57:50.044,92449.7,92480.1,92459.96,92477.18
2024-11-26T11:57:50.064,92449.5,92480.2,92458.08,92477.43
2024-11-26T11:57:50.084,92449.5,92480.2,92457.9,92477.46
2024-11-26T11:57:50.104,92449.6,92480.1,92457.9,92477.35
2024-11-26T11:57:50.124,92449.7,92480.1,92460.375,92477.35
2024-11-26T11:57:50.144,92449.6,92480.0,92460.3,92477.05
2024-11-26T11:57:50.164,92449.6,92480.0,92459.59,92476.984
2024-11-26T11:57:50.184,92449.5,92479.8,92459.4,92476.2
2024-11-26T11:57:50.204,92449.3,92479.4,92458.29,92475.64
2024-11-26T11:57:50.224,92449.0,92479.3,92457.3,92475.05
2024-11-26T11:57:50.244,92448.4,92479.4,92454.88,92474.78
2024-11-26T11:57:50.264,92448.3,92479.3,92455.41,92474.64
2024-11-26T11:57:50.284,92447.5,92478.9,92453.57,92467.84
2024-11-26T11:57:50.304,92447.4,92478.2,92450.39,92466.97
2024-11-26T11:57:50.324,92447.3,92478.3,92450.2,92467.555
2024-11-26T11:57:50.344,92447.4,92477.6,92453.39,92464.52
2024-11-26T11:57:50.364,92447.4,92478.0,92453.44,92466.53
2024-11-26T11:57:50.384,92447.4,92478.0,92453.91,92470.19
2024-11-26T11:57:50.404,92447.3,92477.8,92454.266,92471.305
2024-11-26T11:57:50.424,92447.4,92477.4,92454.3,92471.2
2024-11-26T11:57:50.444,92447.9,92478.0,92457.39,92471.11
2024-11-26T11:57:50.464,92447.9,92478.2,92456.36,92470.87
2024-11-26T11:57:50.484,92447.7,92478.0,92455.92,92470.46
2024-11-26T11:57:50.504,92447.6,92477.6,92455.836,92470.336
2024-11-26T11:57:50.524,92447.9,92476.0,92456.27,92471.08
2024-11-26T11:57:50.544,92447.8,92476.9,92455.445,92471.37
2024-11-26T11:57:50.564,92447.7,92476.9,92455.125,92471.49
2024-11-26T11:57:50.584,92447.7,92477.0,92455.13,92471.56
2024-11-26T11:57:50.604,92447.7,92477.0,92455.14,92471.61
2024-11-26T11:57:50.624,92447.7,92477.6,92455.15,92472.7
2024-11-26T11:57:50.644,92447.7,92478.0,92455.15,92473.13
2024-11-26T11:57:50.664,92447.7,92477.6,92455.15,92473.08
2024-11-26T11:57:50.684,92447.7,92477.8,92455.836,92472.93
2024-11-26T11:57:50.704,92447.7,92477.8,92455.48,92472.92
2024-11-26T11:57:50.724,92447.7,92477.6,92455.18,92472.84
2024-11-26T11:57:50.744,92447.7,92477.6,92456.12,92471.43
2024-11-26T11:57:50.764,92447.6,92476.9,92455.54,92470.03
2024-11-26T11:57:50.784,92447.6,92477.0,92453.766,92469.84
2024-11-26T11:57:50.804,92447.6,92476.0,92453.94,92469.39
2024-11-26T11:57:50.824,92447.5,92475.8,92454.266,92469.18
2024-11-26T11:57:50.844,92447.5,92475.6,92452.484,92468.74
2024-11-26T11:57:50.864,92447.6,92475.0,92451.45,92468.46
2024-11-26T11:57:50.884,92447.7,92474.9,92450.76,92468.305
2024-11-26T11:57:50.904,92447.6,92474.9,92450.72,92468.305
2024-11-26T11:57:50.924,92447.6,92473.8,92450.75,92466.46
2024-11-26T11:57:50.944,92447.6,92473.9,92450.78,92466.64
2024-11-26T11:57:50.964,92447.6,92474.1,92450.77,92467.42
2024-11-26T11:57:50.984,92447.6,92474.1,92450.74,92467.42
2024-11-26T11:57:51.004,92447.6,92474.2,92450.74,92468.234
2024-11-26T11:57:51.024,92447.7,92474.1,92450.77,92468.234
2024-11-26T11:57:51.044,92447.7,92474.3,92450.77,92468.28
2024-11-26T11:57:51.064,92447.7,92474.4,92450.79,92468.305
2024-11-26T11:57:51.084,92447.6,92474.4,92450.74,92468.305
2024-11-26T11:57:51.104,92447.5,92474.3,92450.75,92468.266
2024-11-26T11:57:51.144,92447.2,92474.3,92450.08,92468.05
2024-11-26T11:57:51.164,92439.0,92472.8,92444.35,92466.04
2024-11-26T11:57:51.184,92440.5,92471.9,92444.81,92465.99
2024-11-26T11:57:51.204,92439.8,92471.4,92444.17,92462.54
2024-11-26T11:57:51.224,92439.5,92471.2,92443.734,92463.85
2024-11-26T11:57:51.244,92439.5,92471.1,92443.09,92463.96
2024-11-26T11:57:51.264,92439.7,92470.5,92443.234,92463.76
2024-11-26T11:57:51.284,92439.7,92470.6,92443.8,92463.74
2024-11-26T11:57:51.304,92439.5,92471.0,92443.51,92464.2
2024-11-26T11:57:51.324,92439.6,92470.8,92443.016,92464.17
2024-11-26T11:57:51.344,92439.8,92470.5,92442.78,92463.72
2024-11-26T11:57:51.364,92440.0,92470.6,92442.68,92463.734
2024-11-26T11:57:51.384,92440.0,92470.5,92442.67,92463.72
2024-11-26T11:57:51.404,92440.0,92470.4,92442.73,92463.73
2024-11-26T11:57:51.424,92440.0,92470.5,92442.73,92463.75
2024-11-26T11:57:51.444,92440.6,92470.5,92442.79,92463.74
2024-11-26T11:57:51.464,92440.8,92470.5,92442.8,92463.74
2024-11-26T11:57:51.484,92440.6,92470.5,92442.78,92463.74
2024-11-26T11:57:51.504,92440.6,92470.6,92442.78,92463.766
2024-11-26T11:57:51.524,92440.8,92470.5,92442.9,92463.74
2024-11-26T11:57:51.544,92440.8,92470.4,92442.9,92463.734
2024-11-26T11:57:51.564,92440.8,92470.5,92442.95,92463.75
2024-11-26T11:57:51.584,92440.8,92470.6,92442.95,92463.76
2024-11-26T11:57:51.644,92440.8,92470.8,92442.95,92464.17
2024-11-26T11:57:51.664,92440.6,92470.6,92442.914,92463.75
2024-11-26T11:57:51.684,92440.0,92470.6,92442.875,92463.75
2024-11-26T11:57:51.704,92440.6,92470.5,92442.914,92463.72
2024-11-26T11:57:51.724,92440.6,92470.5,92442.84,92463.72
2024-11-26T11:57:51.744,92440.6,92470.4,92442.84,92463.72
2024-11-26T11:57:51.764,92440.0,92470.3,92442.7,92463.695
2024-11-26T11:57:51.784,92440.0,92470.3,92442.85,92463.695
2024-11-26T11:57:51.804,92440.3,92470.2,92442.88,92463.68
2024-11-26T11:57:51.824,92440.3,92470.2,92442.88,92463.71
2024-11-26T11:57:51.844,92440.3,92470.2,92442.88,92463.72
2024-11-26T11:57:51.864,92440.3,92470.3,92442.88,92463.72
2024-11-26T11:57:51.884,92440.3,92470.2,92442.88,92463.914
2024-11-26T11:57:51.904,92440.3,92470.2,92443.19,92463.945
2024-11-26T11:57:51.924,92440.3,92470.2,92444.81,92463.95
2024-11-26T11:57:51.944,92440.6,92470.3,92444.86,92463.67
2024-11-26T11:57:51.965,92440.6,92470.4,92445.016,92463.95
2024-11-26T11:57:51.984,92440.6,92470.6,92445.08,92464.53
2024-11-26T11:57:52.004,92440.6,92470.6,92445.08,92464.32
2024-11-26T11:57:52.024,92440.8,92470.6,92445.086,92464.38
2024-11-26T11:57:52.045,92440.6,92470.8,92445.09,92465.35
2024-11-26T11:57:52.064,92440.6,92470.8,92445.164,92465.164
2024-11-26T11:57:52.104,92440.6,92470.8,92445.305,92465.36
2024-11-26T11:57:52.124,92440.8,92470.6,92445.516,92464.96
2024-11-26T11:57:52.144,92440.8,92470.8,92446.266,92466.01
2024-11-26T11:57:52.164,92441.2,92470.8,92446.45,92465.93
2024-11-26T11:57:52.184,92442.5,92471.3,92454.086,92466.71
2024-11-26T11:57:52.204,92442.7,92472.7,92452.46,92469.26
2024-11-26T11:57:52.224,92443.7,92473.8,92452.93,92470.47
2024-11-26T11:57:52.244,92444.5,92475.1,92457.04,92472.47
2024-11-26T11:57:52.264,92446.8,92475.6,92460.734,92472.71
2024-11-26T11:57:52.284,92448.0,92477.0,92460.66,92473.18
2024-11-26T11:57:52.304,92449.0,92479.1,92460.47,92475.38
2024-11-26T11:57:52.324,92449.0,92479.9,92461.53,92476.19
2024-11-26T11:57:52.344,92449.0,92480.0,92461.53,92477.18
2024-11-26T11:57:52.364,92449.1,92479.9,92461.54,92476.28
2024-11-26T11:57:52.384,92449.1,92479.9,92461.54,92476.32
2024-11-26T11:57:52.404,92449.1,92479.9,92461.54,92476.33
2024-11-26T11:57:52.424,92449.3,92479.9,92461.52,92476.31
2024-11-26T11:57:52.444,92449.3,92479.8,92461.52,92476.05
2024-11-26T11:57:52.464,92449.3,92479.8,92461.52,92475.945
2024-11-26T11:57:52.484,92449.3,92479.8,92461.52,92475.945
2024-11-26T11:57:52.504,92449.1,92479.8,92461.42,92476.17
2024-11-26T11:57:52.524,92449.3,92479.9,92462.06,92477.57
2024-11-26T11:57:52.544,92451.4,92480.8,92467.01,92479.055
2024-11-26T11:57:52.564,92454.3,92480.4,92467.83,92478.984
2024-11-26T11:57:52.584,92454.4,92481.1,92466.89,92479.234
2024-11-26T11:57:52.604,92454.4,92481.1,92466.43,92479.19
2024-11-26T11:57:52.624,92457.6,92489.8,92472.35,92482.45
2024-11-26T11:57:52.644,92463.2,92491.4,92475.12,92485.85
2024-11-26T11:57:52.664,92463.1,92491.1,92474.57,92485.82
2024-11-26T11:57:52.684,92461.7,92492.7,92472.65,92487.984
2024-11-26T11:57:52.704,92462.6,92492.3,92471.914,92487.02
2024-11-26T11:57:52.724,92461.7,92491.6,92473.164,92486.414
2024-11-26T11:57:52.744,92461.0,92491.5,92472.805,92485.69
2024-11-26T11:57:52.764,92460.8,92491.5,92472.11,92485.75
2024-11-26T11:57:52.784,92460.8,92491.4,92472.69,92485.77
2024-11-26T11:57:52.804,92461.3,92491.5,92472.92,92485.805
2024-11-26T11:57:52.824,92461.5,92491.6,92472.97,92486.67
2024-11-26T11:57:52.844,92461.5,92491.6,92472.97,92486.67
2024-11-26T11:57:52.864,92461.5,92491.5,92472.97,92486.4
2024-11-26T11:57:52.884,92461.5,92491.6,92472.97,92486.66
2024-11-26T11:57:52.904,92461.7,92492.2,92473.01,92487.23
2024-11-26T11:57:52.924,92463.1,92492.6,92476.234,92489.01
2024-11-26T11:57:52.945,92462.4,92492.9,92473.13,92489.07
2024-11-26T11:57:52.964,92462.6,92492.9,92473.19,92489.07
2024-11-26T11:57:52.984,92461.7,92492.9,92472.46,92488.81
2024-11-26T11:57:53.004,92461.6,92492.7,92473.63,92488.83
2024-11-26T11:57:53.024,92462.4,92492.6,92472.75,92488.695
2024-11-26T11:57:53.044,92461.7,92492.3,92472.0,92487.5
2024-11-26T11:57:53.064,92461.7,92492.4,92471.18,92488.42
2024-11-26T11:57:53.084,92461.5,92492.4,92470.86,92488.33
2024-11-26T11:57:53.104,92461.0,92492.4,92469.67,92488.33
2024-11-26T11:57:53.124,92460.5,92492.4,92469.43,92488.336
2024-11-26T11:57:53.145,92460.0,92492.1,92468.11,92487.17
2024-11-26T11:57:53.164,92460.0,92492.0,92467.125,92487.016
2024-11-26T11:57:53.184,92459.2,92491.6,92462.14,92483.57
2024-11-26T11:57:53.204,92457.9,92488.5,92461.16,92475.83
2024-11-26T11:57:53.224,92457.9,92488.5,92464.555,92477.64
2024-11-26T11:57:53.244,92457.9,92489.0,92464.98,92480.83
2024-11-26T11:57:53.264,92458.4,92488.7,92465.07,92482.33
2024-11-26T11:57:53.284,92458.9,92488.5,92467.125,92483.0
2024-11-26T11:57:53.304,92459.3,92488.1,92469.336,92483.34
2024-11-26T11:57:53.324,92459.1,92488.3,92467.9,92483.625
2024-11-26T11:57:53.344,92459.3,92488.5,92466.87,92483.78
2024-11-26T11:57:53.364,92459.2,92488.6,92468.23,92483.86
2024-11-26T11:57:53.384,92459.3,92488.7,92468.766,92483.89
2024-11-26T11:57:53.404,92459.3,92488.6,92468.766,92483.88
2024-11-26T11:57:53.424,92459.7,92489.0,92472.35,92484.02
2024-11-26T11:57:53.444,92459.8,92489.3,92472.09,92485.02
2024-11-26T11:57:53.464,92459.8,92489.6,92472.22,92484.71
2024-11-26T11:57:53.484,92459.9,92490.1,92472.4,92484.625
2024-11-26T11:57:53.504,92461.3,92490.3,92475.055,92484.67
2024-11-26T11:57:53.524,92463.0,92491.0,92477.04,92485.445
2024-11-26T11:57:53.544,92462.6,92491.1,92476.59,92485.6
2024-11-26T11:57:53.564,92463.1,92491.1,92476.484,92485.414
2024-11-26T11:57:53.584,92463.1,92491.1,92476.48,92485.414
2024-11-26T11:57:53.604,92463.0,92491.0,92476.45,92485.39
2024-11-26T11:57:53.624,92462.9,92491.3,92476.43,92485.74
2024-11-26T11:57:53.644,92462.9,92491.3,92476.43,92485.74
2024-11-26T11:57:53.685,92462.9,92491.3,92476.42,92485.75
2024-11-26T11:57:53.704,92462.9,92491.3,92476.43,92485.74
2024-11-26T11:57:53.764,92463.0,92491.1,92476.43,92485.44
2024-11-26T11:57:53.785,92463.0,92491.1,92476.43,92485.44
2024-11-26T11:57:53.804,92462.9,92491.1,92476.23,92485.44
2024-11-26T11:57:53.824,92462.9,92491.1,92476.23,92485.44
2024-11-26T11:57:53.844,92462.4,92491.1,92476.18,92485.44
2024-11-26T11:57:53.924,92462.6,92491.6,92476.234,92486.695
2024-11-26T11:57:53.944,92462.9,92491.6,92476.24,92486.234
2024-11-26T11:57:53.964,92463.0,92491.6,92476.266,92486.23
2024-11-26T11:57:53.985,92463.0,92491.7,92476.266,92486.24
2024-11-26T11:57:54.004,92461.3,92491.3,92473.86,92485.74
2024-11-26T11:57:54.024,92460.0,92491.3,92466.11,92485.34
2024-11-26T11:57:54.044,92460.1,92491.3,92466.234,92485.29
2024-11-26T11:57:54.064,92460.1,92491.3,92466.24,92485.29
2024-11-26T11:57:54.084,92460.1,92491.3,92465.445,92485.3
2024-11-26T11:57:54.104,92460.0,92491.3,92465.234,92485.25
2024-11-26T11:57:54.124,92459.9,92491.4,92464.68,92485.31
2024-11-26T11:57:54.144,92460.0,92491.0,92464.24,92484.984
2024-11-26T11:57:54.164,92458.8,92490.4,92462.51,92481.55
2024-11-26T11:57:54.184,92458.5,92490.1,92462.4,92482.07
2024-11-26T11:57:54.204,92459.0,92490.0,92462.41,92482.67
2024-11-26T11:57:54.224,92459.0,92489.9,92462.4,92482.63
2024-11-26T11:57:54.244,92458.9,92489.9,92462.414,92482.664
2024-11-26T11:57:54.264,92458.9,92488.6,92462.414,92481.89
2024-11-26T11:57:54.284,92458.9,92488.3,92462.414,92481.875
2024-11-26T11:57:54.304,92459.0,92488.1,92462.484,92481.87
2024-11-26T11:57:54.324,92459.0,92488.3,92462.484,92481.87
2024-11-26T11:57:54.344,92459.0,92488.3,92462.52,92481.83
2024-11-26T11:57:54.364,92458.1,92486.7,92461.836,92475.72
2024-11-26T11:57:54.384,92458.0,92486.1,92462.9,92475.914
2024-11-26T11:57:54.404,92457.4,92486.1,92462.89,92477.71
2024-11-26T11:57:54.424,92457.6,92486.2,92464.266,92477.875
2024-11-26T11:57:54.444,92457.6,92486.2,92465.39,92478.805
2024-11-26T11:57:54.464,92458.3,92487.1,92469.49,92480.8
2024-11-26T11:57:54.484,92458.4,92487.3,92468.47,92481.36
2024-11-26T11:57:54.504,92458.3,92487.8,92467.76,92483.695
2024-11-26T11:57:54.524,92458.2,92487.8,92467.5,92483.15
2024-11-26T11:57:54.544,92458.4,92487.8,92467.34,92483.414
2024-11-26T11:57:54.564,92458.2,92487.6,92466.99,92482.484
2024-11-26T11:57:54.584,92458.1,92487.4,92463.71,92481.08
2024-11-26T11:57:54.604,92458.1,92487.1,92463.94,92480.89
2024-11-26T11:57:54.624,92458.0,92487.1,92461.914,92480.7
2024-11-26T11:57:54.644,92457.9,92486.8,92461.89,92480.63
2024-11-26T11:57:54.664,92457.9,92486.8,92462.375,92480.69
2024-11-26T11:57:54.684,92457.9,92486.7,92460.74,92480.64
2024-11-26T11:57:54.704,92457.9,92486.7,92460.195,92480.64
2024-11-26T11:57:54.724,92457.4,92485.4,92460.055,92474.58
2024-11-26T11:57:54.744,92457.3,92485.4,92461.914,92476.55
2024-11-26T11:57:54.764,92457.2,92484.9,92463.27,92477.305
2024-11-26T11:57:54.784,92457.3,92485.4,92462.086,92476.03
2024-11-26T11:57:54.804,92457.3,92485.5,92462.12,92477.125
2024-11-26T11:57:54.824,92457.2,92485.6,92461.98,92477.234
2024-11-26T11:57:54.844,92457.2,92485.5,92461.99,92477.21
2024-11-26T11:57:54.864,92457.2,92485.4,92461.99,92477.18
2024-11-26T11:57:54.885,92457.1,92485.7,92464.086,92477.664
2024-11-26T11:57:54.904,92457.1,92485.9,92464.086,92479.11
2024-11-26T11:57:54.924,92457.9,92485.9,92468.76,92479.36
2024-11-26T11:57:54.944,92457.6,92485.9,92467.74,92478.61
2024-11-26T11:57:54.965,92457.8,92485.9,92467.56,92478.43
2024-11-26T11:57:54.985,92457.6,92485.9,92468.07,92478.61
2024-11-26T11:57:55.004,92457.3,92485.7,92465.25,92477.48
2024-11-26T11:57:55.024,92457.3,92485.7,92461.44,92477.45
2024-11-26T11:57:55.044,92457.3,92485.5,92461.35,92477.38
2024-11-26T11:57:55.064,92457.3,92484.8,92461.35,92477.266
2024-11-26T11:57:55.084,92457.3,92484.8,92461.695,92477.266
2024-11-26T11:57:55.104,92457.2,92483.7,92461.484,92477.234
2024-11-26T11:57:55.124,92457.2,92483.7,92461.484,92477.22
2024-11-26T11:57:55.144,92457.2,92483.7,92461.484,92477.2
2024-11-26T11:57:55.164,92457.3,92483.6,92461.695,92477.21
2024-11-26T11:57:55.204,92457.3,92483.7,92461.695,92477.19
2024-11-26T11:57:55.224,92457.2,92483.2,92461.484,92477.22
2024-11-26T11:57:55.244,92457.2,92483.2,92461.14,92477.21
2024-11-26T11:57:55.264,92457.2,92483.1,92461.484,92476.56
2024-11-26T11:57:55.284,92457.3,92483.1,92461.695,92476.56
2024-11-26T11:57:55.324,92457.3,92483.2,92461.35,92477.23
2024-11-26T11:57:55.384,92457.2,92483.5,92461.14,92477.23
2024-11-26T11:57:55.404,92457.2,92483.2,92461.164,92477.07
2024-11-26T11:57:55.424,92457.2,92483.1,92461.164,92476.34
2024-11-26T11:57:55.444,92457.2,92483.1,92461.164,92476.33
2024-11-26T11:57:55.504,92457.2,92483.1,92461.14,92476.33
2024-11-26T11:57:55.524,92457.2,92483.0,92461.14,92476.26
2024-11-26T11:57:55.544,92457.2,92483.0,92461.14,92476.27
2024-11-26T11:57:55.564,92457.3,92483.0,92461.35,92476.27
2024-11-26T11:57:55.584,92457.3,92482.9,92461.35,92476.27
2024-11-26T11:57:55.624,92457.2,92482.9,92461.14,92476.27
2024-11-26T11:57:55.664,92457.3,92482.9,92461.34,92476.27
2024-11-26T11:57:55.684,92457.3,92483.0,92461.34,92476.266
2024-11-26T11:57:55.704,92457.2,92482.9,92461.13,92476.266
2024-11-26T11:57:55.724,92457.2,92482.9,92461.13,92476.25
2024-11-26T11:57:55.764,92457.3,92482.9,92461.45,92476.336
2024-11-26T11:57:55.784,92457.3,92483.0,92462.59,92475.945
2024-11-26T11:57:55.804,92457.3,92483.1,92465.52,92476.01
2024-11-26T11:57:55.825,92457.3,92483.5,92465.8,92476.89
2024-11-26T11:57:55.845,92457.4,92483.5,92468.234,92477.36
2024-11-26T11:57:55.864,92457.4,92483.6,92468.24,92477.43
2024-11-26T11:57:55.884,92457.4,92483.5,92468.24,92477.586
2024-11-26T11:57:55.904,92457.4,92483.5,92468.23,92477.586
2024-11-26T11:57:55.924,92457.4,92483.5,92468.23,92477.664
2024-11-26T11:57:55.945,92457.4,92483.6,92468.164,92477.76
2024-11-26T11:57:55.964,92457.4,92483.6,92468.14,92477.8
2024-11-26T11:57:55.984,92457.5,92483.7,92468.17,92478.02
2024-11-26T11:57:56.005,92457.5,92483.8,92467.086,92477.97
2024-11-26T11:57:56.024,92457.6,92484.7,92467.02,92480.516
2024-11-26T11:57:56.044,92457.8,92487.3,92465.47,92481.81
2024-11-26T11:57:56.064,92458.0,92487.3,92466.06,92481.83
2024-11-26T11:57:56.084,92458.1,92487.6,92466.42,92483.92
2024-11-26T11:57:56.104,92458.2,92487.6,92466.44,92483.87
2024-11-26T11:57:56.124,92458.2,92487.6,92467.414,92483.58
2024-11-26T11:57:56.144,92458.2,92486.7,92467.414,92481.484
2024-11-26T11:57:56.164,92458.2,92486.4,92467.414,92480.24
2024-11-26T11:57:56.184,92458.2,92486.4,92467.414,92480.14
2024-11-26T11:57:56.204,92458.2,92486.4,92467.54,92480.14
2024-11-26T11:57:56.224,92458.2,92486.2,92467.54,92479.79
2024-11-26T11:57:56.244,92458.2,92486.2,92467.54,92479.09
2024-11-26T11:57:56.265,92458.2,92486.3,92467.17,92478.78
2024-11-26T11:57:56.284,92458.2,92486.2,92468.26,92478.71
2024-11-26T11:57:56.344,92458.1,92486.1,92468.23,92479.31
2024-11-26T11:57:56.364,92458.0,92485.9,92467.87,92479.234
2024-11-26T11:57:56.384,92457.9,92485.7,92467.69,92479.24
2024-11-26T11:57:56.404,92457.8,92485.6,92467.24,92478.93
2024-11-26T11:57:56.424,92457.4,92485.5,92462.56,92478.56
2024-11-26T11:57:56.444,92457.1,92484.9,92460.63,92472.91
2024-11-26T11:57:56.464,92456.8,92483.9,92460.01,92471.76
2024-11-26T11:57:56.484,92456.7,92483.2,92458.94,92472.414
2024-11-26T11:57:56.504,92456.8,92483.1,92460.98,92475.06
2024-11-26T11:57:56.524,92456.6,92482.1,92459.28,92474.52
2024-11-26T11:57:56.544,92456.5,92481.6,92458.305,92474.42
2024-11-26T11:57:56.564,92456.6,92481.1,92459.516,92474.11
2024-11-26T11:57:56.584,92456.5,92481.0,92460.12,92474.22
2024-11-26T11:57:56.604,92456.4,92481.1,92458.21,92474.484
2024-11-26T11:57:56.624,92456.2,92480.9,92458.25,92474.16
2024-11-26T11:57:56.644,92456.2,92481.0,92458.25,92474.25
2024-11-26T11:57:56.664,92456.4,92481.1,92458.266,92474.305
2024-11-26T11:57:56.704,92456.2,92481.0,92458.25,92474.305
2024-11-26T11:57:56.724,92456.2,92481.0,92458.25,92474.31
2024-11-26T11:57:56.744,92456.2,92481.0,92458.25,92474.31
2024-11-26T11:57:56.764,92456.4,92481.0,92458.25,92474.31
2024-11-26T11:57:56.784,92456.4,92481.0,92458.25,92474.266
2024-11-26T11:57:56.804,92456.2,92481.0,92458.25,92474.32
2024-11-26T11:57:56.824,92456.2,92480.9,92458.25,92474.26
2024-11-26T11:57:56.844,92456.2,92480.8,92458.25,92474.26
2024-11-26T11:57:56.904,92456.2,92480.8,92458.25,92474.26
2024-11-26T11:57:56.924,92456.2,92480.8,92458.23,92474.26
2024-11-26T11:57:56.964,92456.2,92480.8,92458.23,92474.25
2024-11-26T11:57:56.984,92456.2,92480.8,92458.24,92474.25
2024-11-26T11:57:57.004,92456.2,92480.3,92458.23,92473.94
2024-11-26T11:57:57.024,92456.2,92480.2,92458.37,92473.57
2024-11-26T11:57:57.044,92456.2,92480.0,92458.37,92473.56
2024-11-26T11:57:57.064,92456.2,92480.0,92458.37,92473.57
2024-11-26T11:57:57.084,92456.2,92480.0,92458.37,92473.516
2024-11-26T11:57:57.104,92456.2,92480.0,92458.36,92473.5
2024-11-26T11:57:57.124,92456.2,92480.0,92458.36,92473.5
2024-11-26T11:57:57.144,92456.2,92480.3,92458.36,92473.984
2024-11-26T11:57:57.164,92456.2,92480.3,92458.36,92474.0
2024-11-26T11:57:57.184,92456.2,92479.9,92458.51,92472.92
2024-11-26T11:57:57.204,92456.2,92479.9,92458.53,92473.3
2024-11-26T11:57:57.224,92456.2,92479.9,92458.55,92473.29
2024-11-26T11:57:57.244,92456.2,92480.2,92458.55,92474.164
2024-11-26T11:57:57.264,92455.7,92479.4,92457.93,92470.945
2024-11-26T11:57:57.284,92455.4,92478.9,92458.46,92471.31
2024-11-26T11:57:57.304,92455.3,92478.4,92458.875,92471.63
2024-11-26T11:57:57.324,92455.2,92478.4,92459.96,92471.74
2024-11-26T11:57:57.344,92455.2,92478.4,92460.89,92472.016
2024-11-26T11:57:57.364,92455.2,92478.5,92460.78,92472.56
2024-11-26T11:57:57.384,92455.2,92478.4,92460.71,92472.45
2024-11-26T11:57:57.404,92455.2,92478.4,92460.414,92472.51
2024-11-26T11:57:57.425,92455.2,92478.3,92460.305,92470.57
2024-11-26T11:57:57.445,92455.3,92478.3,92460.65,92470.57
2024-11-26T11:57:57.464,92455.3,92478.3,92460.68,92470.57
2024-11-26T11:57:57.525,92455.3,92478.4,92460.67,92472.69
2024-11-26T11:57:57.544,92455.2,92478.4,92460.45,92472.98
2024-11-26T11:57:57.565,92455.2,92478.4,92460.31,92472.87
2024-11-26T11:57:57.584,92453.6,92478.5,92460.766,92472.89
2024-11-26T11:57:57.604,92453.5,92478.4,92461.11,92472.85
2024-11-26T11:57:57.624,92453.6,92478.8,92460.76,92472.9
2024-11-26T11:57:57.645,92453.6,92478.3,92460.76,92471.23
2024-11-26T11:57:57.664,92453.6,92478.3,92460.836,92471.23
2024-11-26T11:57:57.705,92453.5,92478.3,92459.336,92471.2
2024-11-26T11:57:57.724,92453.5,92478.1,92456.9,92471.47
2024-11-26T11:57:57.744,92453.5,92478.3,92456.9,92470.945
2024-11-26T11:57:57.764,92453.5,92478.1,92456.9,92470.72
2024-11-26T11:57:57.784,92453.5,92478.1,92456.89,92470.61
2024-11-26T11:57:57.805,92453.6,92478.1,92456.664,92471.34
2024-11-26T11:57:57.824,92453.6,92478.0,92456.664,92471.37
2024-11-26T11:57:57.844,92453.6,92478.1,92456.93,92471.09
2024-11-26T11:57:57.864,92453.6,92478.1,92456.93,92471.14
2024-11-26T11:57:57.884,92453.5,92478.3,92456.875,92471.195
2024-11-26T11:57:57.904,92453.5,92478.3,92457.195,92471.195
2024-11-26T11:57:57.924,92453.5,92478.4,92458.28,92472.93
2024-11-26T11:57:57.944,92453.5,92478.4,92457.87,92473.03
2024-11-26T11:57:57.964,92453.5,92478.4,92459.984,92473.12
2024-11-26T11:57:57.984,92453.6,92478.3,92460.0,92471.58
2024-11-26T11:57:58.004,92453.6,92478.4,92459.96,92473.37
2024-11-26T11:57:58.024,92453.6,92478.4,92459.96,92473.37
2024-11-26T11:57:58.045,92453.6,92478.4,92457.734,92472.055
2024-11-26T11:57:58.084,92453.5,92478.3,92457.695,92470.71
2024-11-26T11:57:58.104,92453.5,92478.3,92457.695,92470.65
2024-11-26T11:57:58.124,92453.5,92478.3,92457.805,92470.65
2024-11-26T11:57:58.164,92453.6,92478.3,92457.85,92470.63
2024-11-26T11:57:58.184,92453.6,92478.3,92458.234,92470.63
2024-11-26T11:57:58.204,92453.6,92478.3,92458.234,92470.74
2024-11-26T11:57:58.224,92453.6,92478.1,92456.95,92470.81
2024-11-26T11:57:58.244,92453.5,92478.1,92456.586,92468.93
2024-11-26T11:57:58.264,92453.4,92477.8,92456.51,92469.71
2024-11-26T11:57:58.284,92453.4,92477.5,92456.51,92469.45
2024-11-26T11:57:58.304,92453.3,92477.6,92456.47,92469.766
2024-11-26T11:57:58.324,92453.3,92477.5,92456.47,92469.7
2024-11-26T11:57:58.344,92453.2,92477.5,92456.25,92469.7
2024-11-26T11:57:58.364,92452.4,92477.0,92456.19,92468.586
2024-11-26T11:57:58.385,92452.4,92477.0,92456.19,92468.766
2024-11-26T11:57:58.404,92453.3,92477.0,92455.97,92468.89
2024-11-26T11:57:58.424,92453.1,92477.0,92456.38,92468.89
2024-11-26T11:57:58.464,92453.1,92476.5,92456.38,92468.91
2024-11-26T11:57:58.484,92453.1,92476.5,92457.7,92468.914
2024-11-26T11:57:58.504,92452.6,92477.0,92455.664,92468.93
2024-11-26T11:57:58.524,92452.4,92476.2,92455.59,92468.15
2024-11-26T11:57:58.544,92452.4,92477.0,92455.59,92468.62
2024-11-26T11:57:58.564,92452.4,92477.4,92455.59,92468.625
2024-11-26T11:57:58.584,92452.4,92477.4,92455.6,92468.63
2024-11-26T11:57:58.604,92452.4,92477.4,92455.6,92468.625
2024-11-26T11:57:58.624,92452.6,92477.0,92455.78,92468.875
2024-11-26T11:57:58.644,92452.6,92477.4,92457.1,92468.95
2024-11-26T11:57:58.665,92453.1,92477.5,92458.94,92469.195
2024-11-26T11:57:58.684,92453.1,92477.4,92459.47,92469.32
2024-11-26T11:57:58.704,92453.1,92477.4,92459.47,92469.54
2024-11-26T11:57:58.724,92453.1,92477.5,92459.47,92469.96
2024-11-26T11:57:58.744,92453.1,92477.4,92459.48,92470.29
2024-11-26T11:57:58.764,92453.1,92477.4,92459.52,92471.24
2024-11-26T11:57:58.784,92453.1,92477.6,92459.52,92471.76
2024-11-26T11:57:58.804,92453.2,92477.8,92459.55,92471.984
2024-11-26T11:57:58.824,92453.3,92477.8,92459.6,92471.984
2024-11-26T11:57:58.844,92453.3,92477.9,92459.6,92472.086
2024-11-26T11:57:58.864,92453.4,92477.9,92459.62,92472.086
2024-11-26T11:57:58.904,92453.4,92477.9,92459.62,92472.06
2024-11-26T11:57:58.924,92453.4,92477.8,92459.62,92471.98
2024-11-26T11:57:58.984,92453.4,92477.9,92459.62,92472.08
2024-11-26T11:57:59.004,92453.4,92477.8,92459.61,92471.21
2024-11-26T11:57:59.044,92453.4,92477.8,92459.59,92469.8
2024-11-26T11:57:59.064,92453.4,92477.9,92459.61,92469.85
2024-11-26T11:57:59.084,92453.4,92477.9,92459.61,92469.984
2024-11-26T11:57:59.104,92453.4,92477.9,92459.61,92470.54
2024-11-26T11:57:59.124,92453.4,92477.9,92459.61,92470.516
2024-11-26T11:57:59.144,92453.4,92477.9,92459.61,92471.055
2024-11-26T11:57:59.184,92453.4,92477.9,92459.61,92471.15
2024-11-26T11:57:59.224,92453.4,92477.8,92459.61,92471.13
2024-11-26T11:57:59.244,92453.4,92478.1,92459.61,92473.016
2024-11-26T11:57:59.264,92453.4,92478.1,92459.78,92473.34
2024-11-26T11:57:59.284,92453.4,92478.1,92459.5,92473.51
2024-11-26T11:57:59.304,92453.4,92478.3,92459.5,92473.55
2024-11-26T11:57:59.324,92453.4,92478.3,92459.79,92473.55
2024-11-26T11:57:59.364,92453.4,92478.3,92459.79,92473.734
2024-11-26T11:57:59.384,92453.4,92478.5,92459.79,92475.36
2024-11-26T11:57:59.404,92453.4,92478.4,92459.79,92475.09
2024-11-26T11:57:59.424,92453.4,92478.1,92459.79,92473.336
2024-11-26T11:57:59.444,92453.4,92478.3,92459.79,92473.39
2024-11-26T11:57:59.504,92453.5,92478.1,92459.484,92473.336
2024-11-26T11:57:59.524,92453.5,92478.0,92459.484,92473.234
2024-11-26T11:57:59.544,92453.5,92477.8,92459.805,92472.31
2024-11-26T11:57:59.564,92453.6,92477.8,92459.82,92472.31
2024-11-26T11:57:59.584,92453.6,92477.9,92459.805,92472.445
2024-11-26T11:57:59.624,92453.6,92478.0,92459.805,92473.24
2024-11-26T11:57:59.644,92453.6,92477.9,92459.805,92472.5
2024-11-26T11:57:59.684,92453.6,92478.0,92459.805,92473.25
2024-11-26T11:57:59.704,92453.6,92478.0,92459.805,92473.234
2024-11-26T11:57:59.724,92453.6,92478.1,92459.805,92473.28
2024-11-26T11:57:59.744,92453.6,92478.0,92459.805,92473.24
2024-11-26T11:57:59.764,92453.6,92478.1,92459.805,92473.305
2024-11-26T11:57:59.784,92453.6,92477.9,92459.805,92472.53
2024-11-26T11:57:59.804,92453.6,92477.8,92459.805,92472.37
2024-11-26T11:57:59.824,92453.6,92477.9,92459.805,92472.516
2024-11-26T11:57:59.845,92453.6,92477.9,92459.81,92470.31
2024-11-26T11:57:59.864,92453.6,92477.8,92459.81,92471.13
2024-11-26T11:57:59.884,92453.5,92477.4,92457.89,92470.836
2024-11-26T11:57:59.904,92453.5,92477.0,92457.05,92470.36
2024-11-26T11:57:59.924,92453.3,92476.2,92456.54,92470.1
2024-11-26T11:57:59.944,92453.3,92476.2,92456.53,92469.77
2024-11-26T11:57:59.964,92451.5,92475.2,92454.42,92465.21
2024-11-26T11:57:59.984,92451.2,92475.2,92455.61,92464.266
2024-11-26T11:58:00.004,92451.2,92475.2,92455.61,92465.164
2024-11-26T11:58:00.024,92451.2,92475.3,92455.63,92465.94
2024-11-26T11:58:00.044,92451.5,92475.3,92455.72,92466.21
2024-11-26T11:58:00.064,92451.5,92475.5,92455.63,92466.28
2024-11-26T11:58:00.084,92451.5,92475.3,92455.63,92466.305
2024-11-26T11:58:00.104,92451.4,92475.5,92455.586,92466.31
2024-11-26T11:58:00.124,92451.2,92475.3,92455.55,92466.164
2024-11-26T11:58:00.144,92451.2,92475.3,92455.55,92466.42
2024-11-26T11:58:00.164,92451.4,92475.3,92456.11,92466.42
2024-11-26T11:58:00.184,92451.4,92475.2,92455.56,92465.875
2024-11-26T11:58:00.204,92451.4,92474.9,92456.695,92465.89
2024-11-26T11:58:00.224,92451.4,92474.9,92456.66,92465.94
2024-11-26T11:58:00.244,92451.4,92474.9,92456.305,92465.94
2024-11-26T11:58:00.264,92451.4,92474.9,92456.305,92465.94
2024-11-26T11:58:00.284,92451.4,92474.9,92456.305,92465.945
2024-11-26T11:58:00.324,92451.4,92474.9,92456.305,92465.945
2024-11-26T11:58:00.344,92451.2,92474.9,92456.35,92465.92
2024-11-26T11:58:00.364,92451.2,92474.9,92455.63,92466.0
2024-11-26T11:58:00.384,92450.1,92471.2,92452.64,92461.53
2024-11-26T11:58:00.404,92443.1,92468.0,92447.266,92458.07
2024-11-26T11:58:00.424,92442.0,92467.6,92446.734,92458.24
2024-11-26T11:58:00.444,92442.2,92468.3,92446.71,92459.19
2024-11-26T11:58:00.464,92441.7,92468.8,92446.555,92459.61
2024-11-26T11:58:00.484,92441.7,92469.0,92446.34,92460.08
2024-11-26T11:58:00.504,92441.4,92469.1,92445.734,92460.3
2024-11-26T11:58:00.524,92441.2,92469.1,92445.59,92460.44
2024-11-26T11:58:00.544,92441.2,92468.8,92445.59,92460.67
2024-11-26T11:58:00.564,92441.3,92468.6,92446.19,92460.91
2024-11-26T11:58:00.584,92441.3,92469.0,92448.85,92461.164
2024-11-26T11:58:00.604,92441.1,92469.1,92448.35,92461.46
2024-11-26T11:58:00.624,92441.1,92469.3,92448.27,92461.234
2024-11-26T11:58:00.644,92441.1,92469.3,92447.09,92461.5
2024-11-26T11:58:00.664,92441.2,92469.3,92447.11,92461.71
2024-11-26T11:58:00.684,92441.3,92469.3,92447.27,92461.71
2024-11-26T11:58:00.704,92441.2,92469.3,92447.22,92461.44
2024-11-26T11:58:00.724,92441.2,92469.6,92447.195,92461.33
2024-11-26T11:58:00.744,92441.2,92469.6,92447.19,92461.54
2024-11-26T11:58:00.765,92441.2,92469.6,92447.2,92461.516
2024-11-26T11:58:00.804,92441.2,92469.7,92446.914,92461.54
2024-11-26T11:58:00.825,92441.2,92469.7,92446.63,92461.37
2024-11-26T11:58:00.845,92441.2,92469.7,92446.35,92461.37
2024-11-26T11:58:00.864,92441.2,92469.6,92445.86,92461.35
2024-11-26T11:58:00.904,92441.3,92469.3,92446.12,92461.29
2024-11-26T11:58:00.924,92441.4,92469.1,92446.13,92461.28
2024-11-26T11:58:00.944,92441.2,92469.1,92445.82,92461.3
2024-11-26T11:58:00.964,92441.2,92469.0,92444.93,92461.53
2024-11-26T11:58:00.984,92440.8,92467.9,92444.37,92457.53
2024-11-26T11:58:01.004,92440.6,92467.2,92444.11,92456.84
2024-11-26T11:58:01.024,92440.7,92466.4,92444.31,92457.28
2024-11-26T11:58:01.044,92440.8,92466.4,92444.41,92457.625
2024-11-26T11:58:01.064,92440.8,92466.4,92444.445,92457.63
2024-11-26T11:58:01.085,92440.7,92468.0,92446.836,92459.25
2024-11-26T11:58:01.104,92440.7,92468.0,92447.21,92460.016
2024-11-26T11:58:01.124,92440.8,92467.9,92447.086,92459.67
2024-11-26T11:58:01.144,92440.8,92468.0,92446.79,92458.32
2024-11-26T11:58:01.164,92440.8,92468.0,92446.625,92458.49
2024-11-26T11:58:01.184,92441.1,92468.0,92446.875,92460.016
2024-11-26T11:58:01.204,92441.3,92469.0,92448.03,92463.62
2024-11-26T11:58:01.224,92441.6,92469.6,92449.914,92464.59
2024-11-26T11:58:01.244,92441.7,92469.3,92450.42,92463.92
2024-11-26T11:58:01.264,92441.9,92468.8,92451.61,92465.08
2024-11-26T11:58:01.284,92442.0,92468.9,92450.56,92464.484
2024-11-26T11:58:01.304,92442.1,92468.9,92451.086,92465.23
2024-11-26T11:58:01.324,92442.1,92470.5,92453.055,92468.33
2024-11-26T11:58:01.344,92443.4,92471.2,92455.36,92469.04
2024-11-26T11:58:01.364,92443.4,92471.6,92453.56,92469.45
2024-11-26T11:58:01.384,92443.4,92471.6,92453.48,92469.42
2024-11-26T11:58:01.404,92443.6,92471.6,92453.586,92469.36
2024-11-26T11:58:01.424,92443.5,92471.6,92453.48,92469.35
2024-11-26T11:58:01.444,92443.3,92471.6,92454.36,92469.36
2024-11-26T11:58:01.464,92443.4,92471.8,92454.55,92469.414
2024-11-26T11:58:01.484,92443.3,92471.6,92454.48,92469.37
2024-11-26T11:58:01.504,92443.3,92471.3,92454.41,92468.86
2024-11-26T11:58:01.524,92443.3,92471.2,92454.41,92468.84
2024-11-26T11:58:01.544,92443.4,92471.3,92454.47,92468.85
2024-11-26T11:58:01.564,92443.4,92471.2,92454.47,92468.85
2024-11-26T11:58:01.584,92443.3,92471.2,92454.39,92468.85
2024-11-26T11:58:01.604,92443.4,92471.2,92454.18,92468.586
2024-11-26T11:58:01.624,92443.4,92471.3,92454.18,92468.734
2024-11-26T11:58:01.645,92443.3,92471.3,92453.12,92467.055
2024-11-26T11:58:01.664,92443.5,92471.3,92453.43,92467.52
2024-11-26T11:58:01.685,92443.5,92471.2,92453.375,92467.48
2024-11-26T11:58:01.704,92443.5,92471.2,92453.375,92467.51
2024-11-26T11:58:01.724,92443.5,92471.2,92453.375,92467.54
2024-11-26T11:58:01.745,92443.4,92471.2,92453.36,92467.54
2024-11-26T11:58:01.764,92443.5,92471.1,92453.46,92467.516
2024-11-26T11:58:01.785,92443.4,92471.2,92453.36,92467.54
2024-11-26T11:58:01.804,92443.4,92471.2,92453.41,92467.5
2024-11-26T11:58:01.824,92443.5,92471.1,92453.484,92467.484
2024-11-26T11:58:01.864,92443.4,92471.0,92452.99,92467.25
2024-11-26T11:58:01.884,92443.1,92470.9,92452.89,92467.02
2024-11-26T11:58:01.904,92443.2,92470.9,92452.92,92466.7
2024-11-26T11:58:01.924,92443.0,92470.9,92452.8,92466.73
2024-11-26T11:58:01.944,92442.8,92470.9,92450.58,92466.58
2024-11-26T11:58:01.964,92442.7,92470.9,92449.266,92466.56
2024-11-26T11:58:01.984,92442.2,92470.8,92448.914,92466.52
2024-11-26T11:58:02.004,92442.0,92470.8,92448.26,92465.2
2024-11-26T11:58:02.024,92441.7,92470.1,92446.47,92463.41
2024-11-26T11:58:02.044,92441.9,92468.7,92446.95,92459.58
2024-11-26T11:58:02.064,92441.4,92468.7,92444.45,92461.05
2024-11-26T11:58:02.084,92440.9,92468.3,92444.19,92456.69
2024-11-26T11:58:02.104,92440.8,92468.1,92444.0,92457.445
2024-11-26T11:58:02.124,92440.5,92467.9,92443.55,92456.83
2024-11-26T11:58:02.144,92440.5,92467.2,92443.46,92457.875
2024-11-26T11:58:02.164,92440.4,92466.4,92443.58,92457.87
2024-11-26T11:58:02.184,92440.4,92466.4,92443.54,92457.87
2024-11-26T11:58:02.204,92440.3,92466.4,92442.555,92457.875
2024-11-26T11:58:02.224,92440.4,92466.3,92443.555,92457.74
2024-11-26T11:58:02.244,92440.4,92466.2,92443.555,92457.79
2024-11-26T11:58:02.264,92440.4,92466.2,92443.555,92457.78
2024-11-26T11:58:02.304,92440.4,92466.3,92443.48,92456.59
2024-11-26T11:58:02.324,92440.3,92465.8,92442.44,92456.5
2024-11-26T11:58:02.344,92440.3,92465.5,92442.39,92456.516
2024-11-26T11:58:02.364,92440.3,92465.5,92442.39,92456.52
2024-11-26T11:58:02.384,92440.3,92465.3,92442.45,92456.5
2024-11-26T11:58:02.404,92440.3,92465.1,92442.45,92456.516
2024-11-26T11:58:02.424,92440.4,92464.9,92443.6,92456.03
2024-11-26T11:58:02.444,92440.4,92464.9,92442.89,92456.02
2024-11-26T11:58:02.464,92440.4,92464.9,92442.89,92456.13
2024-11-26T11:58:02.484,92440.2,92464.9,92441.81,92456.13
2024-11-26T11:58:02.504,92434.9,92465.0,92439.2,92456.28
2024-11-26T11:58:02.524,92434.3,92464.8,92439.25,92456.555
2024-11-26T11:58:02.544,92434.3,92464.8,92439.5,92456.836
2024-11-26T11:58:02.564,92434.2,92464.7,92439.23,92456.91
2024-11-26T11:58:02.584,92434.2,92464.9,92439.33,92456.96
2024-11-26T11:58:02.604,92434.2,92464.9,92439.33,92456.99
2024-11-26T11:58:02.624,92434.2,92464.8,92439.34,92457.1
2024-11-26T11:58:02.644,92434.1,92464.8,92439.32,92457.1
2024-11-26T11:58:02.664,92434.1,92464.8,92439.32,92457.12
2024-11-26T11:58:02.684,92433.8,92464.8,92439.234,92457.12
2024-11-26T11:58:02.704,92433.8,92464.8,92439.22,92457.12
2024-11-26T11:58:02.724,92432.8,92464.4,92437.48,92454.83
2024-11-26T11:58:02.744,92432.6,92463.6,92437.27,92455.234
2024-11-26T11:58:02.764,92432.8,92463.7,92437.13,92455.33
2024-11-26T11:58:02.784,92433.6,92464.0,92438.11,92455.805
2024-11-26T11:58:02.804,92432.7,92460.7,92436.81,92448.22
2024-11-26T11:58:02.824,92431.7,92458.1,92435.5,92448.69
2024-11-26T11:58:02.844,92431.4,92459.3,92435.49,92446.695
2024-11-26T11:58:02.864,92431.4,92459.4,92435.46,92449.73
2024-11-26T11:58:02.884,92431.4,92458.8,92437.6,92449.96
2024-11-26T11:58:02.904,92431.5,92458.4,92438.51,92449.914
2024-11-26T11:58:02.924,92431.5,92458.4,92438.445,92450.086
2024-11-26T11:58:02.944,92431.5,92458.3,92438.44,92450.87
2024-11-26T11:58:02.964,92431.5,92459.3,92438.75,92452.51
2024-11-26T11:58:02.984,92431.8,92459.4,92438.23,92452.5
2024-11-26T11:58:03.004,92431.9,92459.5,92438.14,92452.57
2024-11-26T11:58:03.024,92431.7,92459.4,92438.66,92452.47
2024-11-26T11:58:03.044,92431.9,92459.3,92438.92,92452.41
2024-11-26T11:58:03.064,92432.0,92459.4,92439.04,92452.45
2024-11-26T11:58:03.084,92432.0,92459.5,92439.04,92452.555
2024-11-26T11:58:03.104,92431.9,92459.6,92439.01,92452.695
2024-11-26T11:58:03.124,92431.9,92459.7,92439.016,92453.03
2024-11-26T11:58:03.144,92431.9,92459.7,92439.016,92452.89
2024-11-26T11:58:03.164,92431.9,92459.6,92439.016,92452.84
2024-11-26T11:58:03.184,92431.9,92459.5,92439.016,92452.72
2024-11-26T11:58:03.204,92431.9,92459.5,92439.016,92452.7
2024-11-26T11:58:03.224,92431.9,92459.5,92439.016,92452.73
2024-11-26T11:58:03.244,92432.0,92459.5,92438.516,92452.875
2024-11-26T11:58:03.264,92432.0,92459.6,92438.42,92453.01
2024-11-26T11:58:03.284,92432.0,92459.6,92438.42,92453.01
2024-11-26T11:58:03.344,92432.0,92459.5,92438.42,92452.875
2024-11-26T11:58:03.364,92432.2,92460.1,92437.914,92456.43
2024-11-26T11:58:03.384,92432.6,92460.5,92438.46,92457.086
2024-11-26T11:58:03.404,92432.9,92463.2,92438.82,92460.41
2024-11-26T11:58:03.424,92434.5,92462.5,92440.74,92458.12
2024-11-26T11:58:03.444,92434.6,92463.0,92442.21,92458.36
2024-11-26T11:58:03.464,92434.5,92463.0,92441.86,92458.234
2024-11-26T11:58:03.484,92434.1,92463.0,92441.46,92458.234
2024-11-26T11:58:03.504,92434.2,92463.0,92441.516,92458.234
2024-11-26T11:58:03.524,92434.3,92463.0,92442.06,92458.375
2024-11-26T11:58:03.544,92433.6,92465.1,92443.836,92460.39
2024-11-26T11:58:03.565,92433.6,92465.9,92443.71,92460.86
2024-11-26T11:58:03.584,92433.8,92466.2,92443.62,92461.32
2024-11-26T11:58:03.604,92433.8,92466.2,92443.62,92461.59
2024-11-26T11:58:03.624,92433.8,92466.2,92443.62,92461.6
2024-11-26T11:58:03.644,92433.8,92466.2,92443.61,92461.6
2024-11-26T11:58:03.684,92433.8,92466.3,92443.61,92461.62
2024-11-26T11:58:03.704,92433.8,92466.2,92443.62,92461.59
2024-11-26T11:58:03.724,92433.8,92466.1,92443.62,92461.3
2024-11-26T11:58:03.744,92433.8,92465.9,92443.62,92461.1
2024-11-26T11:58:03.764,92433.8,92465.9,92443.18,92460.62
2024-11-26T11:58:03.784,92433.8,92465.9,92442.766,92460.59
2024-11-26T11:58:03.804,92433.7,92465.9,92442.85,92460.59
2024-11-26T11:58:03.824,92433.6,92465.9,92442.945,92460.59
2024-11-26T11:58:03.845,92433.9,92465.5,92442.83,92460.37
2024-11-26T11:58:03.864,92433.9,92465.5,92442.69,92460.36
2024-11-26T11:58:03.904,92433.9,92465.5,92442.69,92460.36
2024-11-26T11:58:03.924,92433.9,92465.3,92442.82,92460.35
2024-11-26T11:58:03.944,92433.9,92465.3,92442.82,92460.39
2024-11-26T11:58:03.964,92434.2,92465.5,92442.875,92460.42
2024-11-26T11:58:03.985,92434.2,92465.5,92442.39,92460.41
2024-11-26T11:58:04.004,92434.2,92465.3,92442.875,92460.39
2024-11-26T11:58:04.044,92433.9,92465.1,92442.875,92460.375
2024-11-26T11:58:04.065,92433.8,92465.1,92441.914,92460.17
2024-11-26T11:58:04.085,92433.6,92465.3,92441.85,92460.164
2024-11-26T11:58:04.104,92433.6,92465.3,92442.41,92460.27
2024-11-26T11:58:04.125,92433.6,92465.3,92442.41,92460.22
2024-11-26T11:58:04.144,92433.8,92465.1,92442.44,92460.625
2024-11-26T11:58:04.164,92434.3,92465.3,92442.016,92460.89
2024-11-26T11:58:04.184,92434.3,92465.5,92441.984,92460.89
2024-11-26T11:58:04.204,92434.4,92465.5,92441.99,92460.89
2024-11-26T11:58:04.224,92434.3,92465.9,92441.93,92461.65
2024-11-26T11:58:04.244,92434.3,92466.1,92441.93,92461.82
2024-11-26T11:58:04.264,92434.3,92466.1,92441.93,92461.734
2024-11-26T11:58:04.304,92434.3,92465.9,92441.92,92461.61
2024-11-26T11:58:04.344,92434.3,92465.9,92441.92,92461.695
2024-11-26T11:58:04.364,92434.3,92465.9,92441.92,92461.61
2024-11-26T11:58:04.384,92434.3,92466.1,92441.92,92461.734
2024-11-26T11:58:04.424,92434.6,92467.8,92443.6,92462.99
2024-11-26T11:58:04.444,92435.3,92468.9,92444.766,92464.39
2024-11-26T11:58:04.464,92436.0,92468.9,92444.32,92464.36
2024-11-26T11:58:04.484,92438.0,92469.3,92451.4,92464.0
2024-11-26T11:58:04.504,92438.0,92469.6,92447.22,92463.65
2024-11-26T11:58:04.524,92439.0,92470.0,92447.164,92464.74
2024-11-26T11:58:04.544,92439.2,92470.2,92446.914,92465.77
2024-11-26T11:58:04.564,92438.5,92470.2,92446.31,92465.72
2024-11-26T11:58:04.585,92438.5,92470.1,92446.25,92465.836
2024-11-26T11:58:04.604,92439.1,92470.1,92446.5,92465.6
2024-11-26T11:58:04.624,92439.4,92470.2,92446.51,92465.71
2024-11-26T11:58:04.645,92439.4,92470.2,92446.5,92465.73
2024-11-26T11:58:04.665,92439.4,92470.2,92446.484,92465.734
2024-11-26T11:58:04.684,92439.4,92470.3,92446.484,92466.016
2024-11-26T11:58:04.704,92439.6,92470.3,92447.195,92466.13
2024-11-26T11:58:04.724,92440.0,92470.2,92447.36,92466.13
2024-11-26T11:58:04.744,92440.0,92470.2,92447.414,92466.13
2024-11-26T11:58:04.764,92439.8,92470.2,92447.38,92466.13
2024-11-26T11:58:04.784,92439.6,92470.3,92447.22,92466.13
2024-11-26T11:58:04.804,92440.0,92470.4,92447.18,92466.234
2024-11-26T11:58:04.864,92440.0,92470.4,92447.18,92466.22
2024-11-26T11:58:04.884,92440.3,92470.4,92447.26,92466.22
2024-11-26T11:58:04.924,92440.3,92470.4,92447.26,92466.234
2024-11-26T11:58:04.984,92440.3,92470.3,92447.26,92466.53
2024-11-26T11:58:05.004,92440.4,92470.2,92448.46,92466.54
2024-11-26T11:58:05.024,92440.5,92470.3,92448.8,92466.945
2024-11-26T11:58:05.044,92440.5,92470.4,92448.8,92467.125
2024-11-26T11:58:05.064,92440.6,92470.4,92449.5,92467.125
2024-11-26T11:58:05.084,92440.8,92470.3,92450.8,92466.62
2024-11-26T11:58:05.104,92441.2,92470.2,92450.84,92466.46
2024-11-26T11:58:05.124,92440.8,92470.4,92450.734,92466.55
2024-11-26T11:58:05.144,92440.6,92470.4,92449.516,92466.55
2024-11-26T11:58:05.164,92440.6,92470.4,92449.516,92466.49
2024-11-26T11:58:05.224,92440.6,92470.3,92449.51,92466.48
2024-11-26T11:58:05.244,92440.8,92470.2,92450.8,92466.445
2024-11-26T11:58:05.264,92440.6,92470.2,92449.66,92466.445
2024-11-26T11:58:05.284,92440.5,92470.4,92448.875,92466.69
2024-11-26T11:58:05.304,92440.5,92470.4,92448.875,92466.79
2024-11-26T11:58:05.324,92440.6,92470.5,92449.71,92466.84
2024-11-26T11:58:05.344,92441.2,92470.6,92450.92,92466.93
2024-11-26T11:58:05.364,92440.8,92470.6,92450.8,92466.93
2024-11-26T11:58:05.424,92440.6,92470.5,92449.516,92466.805
2024-11-26T11:58:05.444,92440.6,92470.4,92449.66,92466.805
2024-11-26T11:58:05.464,92440.5,92470.3,92448.875,92465.69
2024-11-26T11:58:05.484,92440.3,92470.4,92447.72,92465.73
2024-11-26T11:58:05.504,92440.4,92470.3,92448.6,92466.29
2024-11-26T11:58:05.524,92440.4,92470.3,92448.49,92466.766
2024-11-26T11:58:05.544,92440.5,92470.3,92448.53,92466.77
2024-11-26T11:58:05.564,92440.5,92470.4,92448.53,92466.77
2024-11-26T11:58:05.584,92440.5,92470.3,92448.53,92466.66
2024-11-26T11:58:05.604,92440.5,92470.2,92448.53,92466.75
2024-11-26T11:58:05.664,92440.5,92470.3,92448.53,92466.766
2024-11-26T11:58:05.684,92440.5,92470.4,92448.87,92466.83
2024-11-26T11:58:05.704,92440.6,92470.4,92449.51,92467.234
2024-11-26T11:58:05.724,92440.6,92470.5,92449.484,92466.92
2024-11-26T11:58:05.744,92443.5,92472.4,92451.28,92469.53
2024-11-26T11:58:05.765,92445.2,92474.8,92457.24,92471.414
2024-11-26T11:58:05.784,92445.3,92474.6,92455.055,92471.74
2024-11-26T11:58:05.804,92445.7,92474.7,92453.125,92471.59
2024-11-26T11:58:05.824,92445.2,92474.7,92453.48,92471.59
2024-11-26T11:58:05.844,92451.3,92478.3,92462.31,92472.45
2024-11-26T11:58:05.864,92451.1,92478.6,92462.48,92474.43
2024-11-26T11:58:05.884,92448.1,92478.5,92456.17,92474.46
2024-11-26T11:58:05.904,92448.5,92478.6,92456.47,92474.234
2024-11-26T11:58:05.924,92448.1,92478.6,92456.445,92474.2
2024-11-26T11:58:05.944,92448.0,92478.7,92456.08,92474.14
2024-11-26T11:58:05.964,92448.0,92478.7,92456.04,92474.14
2024-11-26T11:58:05.984,92448.4,92478.6,92455.414,92474.3
2024-11-26T11:58:06.004,92448.9,92478.6,92456.63,92474.3
2024-11-26T11:58:06.024,92448.9,92478.6,92456.35,92474.3
2024-11-26T11:58:06.044,92448.9,92478.6,92456.29,92474.28
2024-11-26T11:58:06.064,92448.5,92478.6,92454.766,92474.48
2024-11-26T11:58:06.084,92448.4,92478.6,92454.07,92474.48
2024-11-26T11:58:06.144,92448.4,92478.6,92454.57,92474.48
2024-11-26T11:58:06.164,92448.4,92478.6,92454.57,92474.48
2024-11-26T11:58:06.184,92448.4,92478.6,92454.06,92474.48
2024-11-26T11:58:06.204,92448.4,92478.6,92454.1,92474.48
2024-11-26T11:58:06.224,92448.4,92478.6,92454.125,92474.48
2024-11-26T11:58:06.244,92448.4,92478.6,92454.125,92474.48
2024-11-26T11:58:06.284,92448.4,92478.6,92454.125,92474.48
2024-11-26T11:58:06.304,92448.4,92478.6,92454.06,92474.48
2024-11-26T11:58:06.324,92448.4,92478.6,92454.08,92474.48
2024-11-26T11:58:06.344,92448.5,92478.6,92454.64,92474.48
2024-11-26T11:58:06.364,92448.5,92478.6,92454.68,92474.49
2024-11-26T11:58:06.385,92448.9,92478.5,92456.75,92474.22
2024-11-26T11:58:06.404,92448.5,92478.5,92454.695,92474.22
2024-11-26T11:58:06.424,92448.4,92478.5,92454.67,92474.21
2024-11-26T11:58:06.444,92448.5,92478.5,92454.21,92474.21
2024-11-26T11:58:06.464,92448.9,92478.5,92454.445,92474.2
2024-11-26T11:58:06.484,92447.6,92477.3,92451.55,92468.836
2024-11-26T11:58:06.504,92447.4,92477.0,92453.7,92469.35
2024-11-26T11:58:06.524,92448.7,92476.9,92455.1,92469.7
2024-11-26T11:58:06.544,92447.2,92476.9,92453.81,92469.79
2024-11-26T11:58:06.564,92447.2,92476.9,92453.81,92469.77
2024-11-26T11:58:06.584,92446.5,92476.9,92453.46,92469.77
2024-11-26T11:58:06.604,92446.5,92476.9,92453.43,92469.77
2024-11-26T11:58:06.624,92445.7,92476.7,92449.71,92469.78
2024-11-26T11:58:06.644,92445.6,92476.4,92448.48,92469.195
2024-11-26T11:58:06.664,92445.6,92475.2,92450.54,92466.9
2024-11-26T11:58:06.685,92445.2,92475.5,92450.836,92468.25
2024-11-26T11:58:06.704,92445.2,92475.6,92450.85,92468.914
2024-11-26T11:58:06.724,92445.1,92475.6,92450.04,92468.94
2024-11-26T11:58:06.744,92444.9,92475.3,92449.28,92468.9
2024-11-26T11:58:06.764,92445.1,92475.1,92449.28,92468.22
2024-11-26T11:58:06.784,92445.1,92474.8,92448.28,92467.84
2024-11-26T11:58:06.804,92444.7,92474.6,92447.76,92465.77
2024-11-26T11:58:06.824,92444.3,92474.6,92447.6,92465.805
2024-11-26T11:58:06.844,92444.1,92474.6,92447.414,92465.914
2024-11-26T11:58:06.864,92443.5,92473.3,92446.734,92463.69
2024-11-26T11:58:06.884,92441.2,92471.9,92445.65,92463.16
2024-11-26T11:58:06.904,92439.2,92471.3,92442.15,92464.13
2024-11-26T11:58:06.924,92438.5,92471.2,92442.19,92464.414
2024-11-26T11:58:06.944,92439.2,92470.0,92442.27,92463.48
2024-11-26T11:58:06.964,92438.5,92469.9,92442.1,92462.75
2024-11-26T11:58:06.984,92437.9,92469.8,92441.625,92462.984
2024-11-26T11:58:07.004,92437.9,92469.6,92441.93,92463.28
2024-11-26T11:58:07.024,92437.9,92469.4,92441.92,92463.266
2024-11-26T11:58:07.044,92437.5,92469.4,92441.91,92462.85
2024-11-26T11:58:07.064,92437.5,92469.0,92441.91,92462.08
2024-11-26T11:58:07.084,92437.3,92469.0,92441.43,92462.06
2024-11-26T11:58:07.104,92436.7,92468.6,92440.6,92456.266
2024-11-26T11:58:07.124,92436.6,92467.6,92440.54,92458.3
2024-11-26T11:58:07.144,92436.0,92467.5,92440.23,92458.97
2024-11-26T11:58:07.164,92436.0,92467.3,92440.23,92459.04
2024-11-26T11:58:07.184,92436.0,92466.6,92440.23,92459.195
2024-11-26T11:58:07.204,92436.0,92466.6,92440.22,92459.49
2024-11-26T11:58:07.224,92435.7,92466.8,92440.22,92459.51
2024-11-26T11:58:07.244,92435.7,92466.5,92440.22,92459.27
2024-11-26T11:58:07.264,92435.7,92466.5,92440.22,92459.31
2024-11-26T11:58:07.284,92435.7,92466.5,92440.22,92459.31
2024-11-26T11:58:07.324,92435.7,92466.3,92440.22,92458.39
2024-11-26T11:58:07.344,92436.0,92466.3,92440.24,92458.38
2024-11-26T11:58:07.364,92436.0,92466.3,92440.24,92458.36
2024-11-26T11:58:07.384,92436.0,92466.3,92440.24,92458.375
2024-11-26T11:58:07.404,92436.0,92466.3,92440.24,92458.43
2024-11-26T11:58:07.424,92435.7,92465.6,92440.24,92458.086
2024-11-26T11:58:07.444,92435.5,92465.6,92440.14,92458.086
2024-11-26T11:58:07.464,92435.5,92465.5,92440.14,92458.11
2024-11-26T11:58:07.484,92435.5,92465.5,92440.14,92458.12
2024-11-26T11:58:07.524,92435.5,92465.3,92440.14,92458.055
2024-11-26T11:58:07.544,92435.7,92465.3,92440.24,92458.055
2024-11-26T11:58:07.564,92435.7,92465.3,92440.24,92458.14
2024-11-26T11:58:07.604,92436.0,92465.5,92440.24,92458.06
2024-11-26T11:58:07.624,92436.0,92465.6,92440.33,92458.08
2024-11-26T11:58:07.644,92435.7,92465.7,92440.3,92458.375
2024-11-26T11:58:07.684,92435.7,92465.7,92440.17,92458.375
2024-11-26T11:58:07.704,92435.7,92465.6,92440.17,92458.06
2024-11-26T11:58:07.764,92435.4,92465.5,92438.87,92457.086
2024-11-26T11:58:07.784,92434.5,92463.5,92438.44,92449.63
2024-11-26T11:58:07.809,92434.4,92462.4,92438.914,92453.41
2024-11-26T11:58:07.824,92430.3,92460.9,92435.13,92448.96
2024-11-26T11:58:07.844,92429.1,92457.6,92434.36,92447.125
2024-11-26T11:58:07.864,92429.1,92457.8,92433.08,92448.79
2024-11-26T11:58:07.884,92429.1,92457.8,92433.6,92449.32
2024-11-26T11:58:07.904,92429.1,92457.6,92433.78,92449.23
2024-11-26T11:58:07.924,92429.1,92457.4,92433.77,92449.305
2024-11-26T11:58:07.964,92429.0,92457.4,92433.74,92449.305
2024-11-26T11:58:07.984,92428.9,92457.1,92433.75,92449.23
2024-11-26T11:58:08.004,92428.9,92457.1,92433.75,92449.28
2024-11-26T11:58:08.024,92428.9,92456.7,92433.75,92448.984
2024-11-26T11:58:08.044,92428.9,92456.9,92433.9,92449.43
2024-11-26T11:58:08.064,92428.9,92456.9,92433.9,92449.44
2024-11-26T11:58:08.084,92428.9,92457.0,92435.37,92449.91
2024-11-26T11:58:08.104,92428.9,92457.0,92435.625,92450.03
2024-11-26T11:58:08.124,92428.9,92456.9,92435.625,92450.22
2024-11-26T11:58:08.144,92428.8,92456.7,92435.59,92450.94
2024-11-26T11:58:08.164,92428.8,92456.9,92435.59,92451.05
2024-11-26T11:58:08.185,92428.8,92456.9,92435.59,92451.12
2024-11-26T11:58:08.204,92428.9,92457.3,92435.88,92453.26
2024-11-26T11:58:08.224,92429.2,92457.8,92435.9,92454.3
2024-11-26T11:58:08.244,92429.2,92458.0,92435.89,92454.42
2024-11-26T11:58:08.264,92429.4,92458.0,92436.18,92454.625
2024-11-26T11:58:08.284,92429.6,92458.1,92437.47,92455.305
2024-11-26T11:58:08.304,92431.8,92458.3,92440.84,92455.39
2024-11-26T11:58:08.324,92431.7,92459.5,92439.766,92456.05
2024-11-26T11:58:08.344,92431.7,92460.1,92443.375,92456.64
2024-11-26T11:58:08.364,92432.0,92460.3,92441.51,92456.59
2024-11-26T11:58:08.384,92432.4,92460.4,92441.81,92456.69
2024-11-26T11:58:08.404,92432.4,92460.5,92441.82,92456.69
2024-11-26T11:58:08.424,92432.8,92460.6,92441.836,92457.32
2024-11-26T11:58:08.444,92432.9,92460.6,92441.91,92457.516
2024-11-26T11:58:08.464,92433.0,92460.7,92441.91,92457.53
2024-11-26T11:58:08.484,92432.9,92460.7,92441.85,92457.54
2024-11-26T11:58:08.504,92432.9,92460.6,92441.85,92457.336
2024-11-26T11:58:08.524,92432.8,92460.6,92441.68,92457.164
2024-11-26T11:58:08.544,92432.3,92460.7,92440.836,92456.4
2024-11-26T11:58:08.564,92432.0,92460.5,92441.02,92455.664
2024-11-26T11:58:08.584,92432.0,92460.6,92441.04,92456.37
2024-11-26T11:58:08.604,92432.3,92460.3,92441.06,92456.07
2024-11-26T11:58:08.624,92432.4,92460.2,92441.06,92455.82
2024-11-26T11:58:08.644,92432.4,92460.2,92441.06,92455.71
2024-11-26T11:58:08.665,92432.4,92460.2,92440.99,92455.68
2024-11-26T11:58:08.684,92432.4,92460.3,92441.055,92455.76
2024-11-26T11:58:08.704,92432.8,92460.5,92440.3,92456.15
2024-11-26T11:58:08.724,92432.8,92460.6,92440.3,92456.805
2024-11-26T11:58:08.744,92432.5,92460.6,92440.26,92456.89
2024-11-26T11:58:08.764,92432.5,92460.6,92440.26,92456.87
2024-11-26T11:58:08.784,92432.5,92460.6,92440.26,92456.836
2024-11-26T11:58:08.824,92432.4,92460.6,92441.09,92456.87
2024-11-26T11:58:08.844,92432.4,92460.7,92441.02,92456.61
2024-11-26T11:58:08.865,92432.0,92460.6,92440.555,92456.39
2024-11-26T11:58:08.885,92431.8,92460.5,92440.49,92455.695
2024-11-26T11:58:08.904,92431.7,92460.5,92440.44,92455.695
2024-11-26T11:58:08.925,92431.9,92460.4,92440.51,92455.65
2024-11-26T11:58:08.984,92431.2,92460.4,92440.13,92455.7
2024-11-26T11:58:09.004,92430.5,92460.5,92440.37,92455.64
2024-11-26T11:58:09.024,92430.4,92460.5,92440.59,92455.72
2024-11-26T11:58:09.044,92430.1,92460.5,92441.12,92455.72
2024-11-26T11:58:09.064,92430.4,92460.4,92441.3,92455.7
2024-11-26T11:58:09.084,92430.4,92460.3,92441.3,92455.59
2024-11-26T11:58:09.104,92430.4,92460.1,92441.3,92455.555
2024-11-26T11:58:09.124,92430.4,92460.1,92441.3,92455.67
2024-11-26T11:58:09.144,92430.1,92460.3,92441.3,92455.72
2024-11-26T11:58:09.164,92430.4,92460.3,92441.06,92455.72
2024-11-26T11:58:09.185,92430.4,92460.3,92441.016,92455.65
2024-11-26T11:58:09.224,92430.4,92460.1,92441.01,92455.61
2024-11-26T11:58:09.244,92430.4,92460.1,92441.01,92455.555
2024-11-26T11:58:09.264,92430.1,92460.1,92441.234,92455.414
2024-11-26T11:58:09.285,92430.1,92460.1,92441.34,92455.42
2024-11-26T11:58:09.304,92431.0,92460.4,92441.88,92455.78
2024-11-26T11:58:09.325,92431.2,92460.5,92440.71,92455.766
2024-11-26T11:58:09.344,92431.0,92460.5,92441.055,92455.56
2024-11-26T11:58:09.364,92430.4,92460.4,92441.15,92455.63
2024-11-26T11:58:09.385,92430.1,92460.4,92441.13,92455.63
2024-11-26T11:58:09.404,92430.1,92460.4,92441.13,92455.625
2024-11-26T11:58:09.444,92430.0,92460.5,92441.11,92455.625
2024-11-26T11:58:09.465,92429.8,92460.5,92440.96,92455.45
2024-11-26T11:58:09.484,92429.8,92460.5,92441.05,92455.62
2024-11-26T11:58:09.504,92430.4,92460.4,92441.38,92455.6
2024-11-26T11:58:09.524,92430.4,92460.4,92441.15,92455.6
2024-11-26T11:58:09.544,92430.5,92460.4,92441.24,92455.6
2024-11-26T11:58:09.564,92430.5,92460.4,92441.24,92455.63
2024-11-26T11:58:09.585,92430.4,92460.4,92441.14,92455.625
2024-11-26T11:58:09.604,92430.1,92460.3,92441.36,92455.625
2024-11-26T11:58:09.625,92430.1,92460.1,92441.23,92455.56
2024-11-26T11:58:09.644,92430.4,92459.8,92441.15,92455.016
2024-11-26T11:58:09.664,92430.1,92459.8,92441.46,92454.83
2024-11-26T11:58:09.684,92430.4,92460.1,92441.63,92455.42
2024-11-26T11:58:09.704,92430.5,92460.4,92441.734,92455.62
2024-11-26T11:58:09.725,92430.4,92460.5,92441.64,92455.664
2024-11-26T11:58:09.744,92430.1,92460.5,92441.65,92455.805
2024-11-26T11:58:09.764,92430.4,92460.6,92440.45,92456.695
2024-11-26T11:58:09.784,92431.1,92460.6,92439.75,92456.92
2024-11-26T11:58:09.804,92431.1,92460.7,92439.56,92456.96
2024-11-26T11:58:09.824,92431.1,92460.6,92439.56,92456.78
2024-11-26T11:58:09.844,92431.1,92460.7,92439.56,92456.8
2024-11-26T11:58:09.904,92431.2,92460.6,92439.57,92456.31
2024-11-26T11:58:09.924,92431.1,92460.4,92439.086,92455.49
2024-11-26T11:58:09.944,92430.5,92460.3,92439.75,92455.2
2024-11-26T11:58:09.965,92430.5,92460.1,92440.01,92455.086
2024-11-26T11:58:09.984,92430.5,92460.3,92439.29,92455.13
2024-11-26T11:58:10.004,92430.5,92460.3,92439.586,92455.35
2024-11-26T11:58:10.024,92431.2,92460.4,92439.83,92455.99
2024-11-26T11:58:10.045,92431.2,92460.3,92439.83,92455.9
2024-11-26T11:58:10.064,92431.8,92460.4,92439.016,92455.91
2024-11-26T11:58:10.085,92431.9,92460.4,92438.92,92456.18
2024-11-26T11:58:10.104,92431.9,92460.5,92438.96,92456.18
2024-11-26T11:58:10.124,92431.7,92460.5,92438.87,92455.93
2024-11-26T11:58:10.144,92431.7,92460.5,92438.86,92455.93
2024-11-26T11:58:10.164,92431.8,92460.5,92438.914,92455.93
2024-11-26T11:58:10.204,92431.8,92460.5,92438.484,92455.695
2024-11-26T11:58:10.224,92431.2,92460.4,92439.07,92455.45
2024-11-26T11:58:10.244,92431.0,92460.4,92439.18,92455.45
2024-11-26T11:58:10.265,92430.1,92460.3,92438.47,92455.44
2024-11-26T11:58:10.284,92430.4,92460.1,92438.21,92455.39
2024-11-26T11:58:10.344,92430.1,92460.3,92438.66,92455.47
2024-11-26T11:58:10.365,92430.1,92460.3,92439.13,92455.47
2024-11-26T11:58:10.384,92430.1,92460.1,92439.13,92455.414
2024-11-26T11:58:10.444,92430.1,92460.3,92439.24,92455.44
2024-11-26T11:58:10.504,92430.1,92460.3,92438.77,92455.37
2024-11-26T11:58:10.524,92430.0,92460.3,92438.19,92455.37
2024-11-26T11:58:10.544,92430.0,92460.3,92437.71,92455.555
2024-11-26T11:58:10.564,92430.0,92460.0,92437.9,92455.445
2024-11-26T11:58:10.584,92430.4,92460.0,92437.9,92455.44
2024-11-26T11:58:10.604,92430.0,92460.0,92438.56,92455.445
2024-11-26T11:58:10.624,92429.8,92460.0,92438.71,92455.445
2024-11-26T11:58:10.664,92430.0,92460.0,92438.88,92455.445
2024-11-26T11:58:10.684,92430.1,92460.0,92438.89,92455.445
2024-11-26T11:58:10.704,92430.0,92460.0,92438.875,92455.45
2024-11-26T11:58:10.724,92429.8,92460.0,92438.71,92455.45
2024-11-26T11:58:10.764,92430.0,92460.0,92438.88,92455.45
2024-11-26T11:58:10.784,92430.1,92460.0,92438.89,92455.45
2024-11-26T11:58:10.804,92430.1,92460.0,92438.89,92455.45
2024-11-26T11:58:10.844,92430.1,92460.0,92438.89,92455.445
2024-11-26T11:58:10.864,92430.4,92460.0,92439.055,92455.234
2024-11-26T11:58:10.904,92430.5,92460.1,92438.92,92455.375
2024-11-26T11:58:10.924,92430.1,92460.1,92439.61,92455.45
2024-11-26T11:58:10.944,92430.4,92460.3,92439.27,92455.64
2024-11-26T11:58:10.964,92431.1,92460.4,92438.086,92455.625
2024-11-26T11:58:10.984,92431.1,92460.4,92437.45,92455.56
2024-11-26T11:58:11.004,92430.5,92460.4,92438.01,92455.56
2024-11-26T11:58:11.024,92430.5,92460.4,92438.164,92455.57
2024-11-26T11:58:11.044,92430.5,92460.3,92438.164,92455.53
2024-11-26T11:58:11.065,92430.4,92460.1,92438.59,92455.49
2024-11-26T11:58:11.104,92430.5,92460.0,92438.66,92455.43
2024-11-26T11:58:11.125,92430.5,92460.0,92438.95,92455.43
2024-11-26T11:58:11.144,92430.5,92460.0,92438.78,92455.42
2024-11-26T11:58:11.164,92430.5,92460.0,92439.28,92455.44
2024-11-26T11:58:11.184,92430.5,92460.0,92439.28,92455.36
2024-11-26T11:58:11.204,92431.0,92460.1,92439.47,92455.88
2024-11-26T11:58:11.225,92431.1,92460.3,92439.445,92456.07
2024-11-26T11:58:11.245,92431.2,92460.4,92438.6,92456.086
2024-11-26T11:58:11.264,92431.7,92460.4,92438.734,92456.164
2024-11-26T11:58:11.284,92431.9,92460.3,92438.91,92456.16
2024-11-26T11:58:11.324,92431.9,92460.4,92438.91,92456.14
2024-11-26T11:58:11.344,92431.9,92460.4,92438.91,92455.85
2024-11-26T11:58:11.364,92431.9,92460.3,92438.91,92455.81
2024-11-26T11:58:11.385,92431.8,92460.4,92438.63,92455.67
2024-11-26T11:58:11.405,92431.8,92460.4,92438.28,92455.67
2024-11-26T11:58:11.424,92431.8,92460.3,92438.28,92455.67
2024-11-26T11:58:11.564,92431.8,92460.3,92438.28,92455.664
2024-11-26T11:58:11.584,92431.8,92460.4,92438.27,92455.67
2024-11-26T11:58:11.605,92431.7,92460.3,92438.92,92455.664
2024-11-26T11:58:11.624,92431.7,92460.3,92438.92,92455.9
2024-11-26T11:58:11.644,92431.8,92460.3,92438.27,92456.05
2024-11-26T11:58:11.664,92431.8,92460.3,92438.27,92456.06
2024-11-26T11:58:11.684,92431.8,92460.3,92438.27,92456.086
2024-11-26T11:58:11.704,92431.9,92460.3,92438.71,92456.086
2024-11-26T11:58:11.724,92431.9,92460.3,92438.71,92456.06
2024-11-26T11:58:11.745,92431.8,92460.4,92439.17,92455.82
2024-11-26T11:58:11.764,92431.8,92460.3,92439.03,92455.68
2024-11-26T11:58:11.825,92431.8,92460.3,92439.51,92455.48
2024-11-26T11:58:11.844,92431.9,92460.3,92438.48,92455.5
2024-11-26T11:58:11.864,92429.7,92462.5,92437.88,92457.69
2024-11-26T11:58:11.884,92429.7,92463.0,92438.46,92457.78
2024-11-26T11:58:11.904,92430.1,92464.9,92439.695,92458.555
2024-11-26T11:58:11.925,92431.4,92465.2,92440.73,92458.99
2024-11-26T11:58:11.944,92432.0,92465.1,92441.1,92458.35
2024-11-26T11:58:11.964,92431.9,92465.0,92440.99,92458.43
2024-11-26T11:58:11.984,92431.9,92465.0,92440.516,92458.45
2024-11-26T11:58:12.004,92431.9,92465.0,92440.516,92458.49
2024-11-26T11:58:12.024,92432.0,92465.1,92440.4,92458.5
2024-11-26T11:58:12.045,92432.3,92464.8,92440.516,92457.3
2024-11-26T11:58:12.065,92432.4,92464.7,92440.5,92457.28
2024-11-26T11:58:12.084,92432.4,92464.7,92440.5,92456.836
2024-11-26T11:58:12.104,92432.3,92464.7,92440.49,92456.83
2024-11-26T11:58:12.124,92432.0,92464.7,92440.1,92456.77
2024-11-26T11:58:12.145,92432.0,92464.6,92440.45,92457.09
2024-11-26T11:58:12.164,92432.0,92464.6,92440.94,92457.09
2024-11-26T11:58:12.184,92432.0,92464.8,92441.18,92457.21
2024-11-26T11:58:12.204,92432.0,92464.8,92441.18,92457.28
2024-11-26T11:58:12.225,92432.0,92464.7,92441.14,92457.234
2024-11-26T11:58:12.245,92431.9,92464.7,92441.07,92457.33
2024-11-26T11:58:12.264,92431.9,92464.7,92441.07,92457.234
2024-11-26T11:58:12.344,92432.0,92464.8,92440.164,92456.8
2024-11-26T11:58:12.365,92432.0,92464.8,92439.9,92456.89
2024-11-26T11:58:12.405,92432.0,92464.7,92439.9,92456.836
2024-11-26T11:58:12.464,92432.0,92464.7,92439.88,92456.875
2024-11-26T11:58:12.504,92432.0,92464.7,92439.875,92456.875
2024-11-26T11:58:12.524,92432.0,92464.7,92439.875,92456.88
2024-11-26T11:58:12.544,92431.7,92464.7,92439.664,92456.88
2024-11-26T11:58:12.584,92431.9,92464.7,92439.695,92456.89
2024-11-26T11:58:12.604,92431.7,92464.7,92439.766,92456.85
2024-11-26T11:58:12.644,92431.7,92464.7,92439.664,92456.85
2024-11-26T11:58:12.664,92431.9,92464.7,92439.695,92456.85
2024-11-26T11:58:12.684,92431.9,92464.6,92439.695,92457.33
2024-11-26T11:58:12.725,92431.7,92464.6,92439.664,92457.33
2024-11-26T11:58:12.804,92431.7,92464.7,92440.055,92457.305
2024-11-26T11:58:12.824,92433.8,92466.4,92446.914,92462.516
2024-11-26T11:58:12.844,92439.6,92467.0,92450.77,92464.48
2024-11-26T11:58:12.864,92440.3,92467.2,92451.71,92464.92
2024-11-26T11:58:12.884,92443.7,92468.7,92454.34,92465.17
2024-11-26T11:58:12.904,92444.1,92469.1,92453.72,92464.91
2024-11-26T11:58:12.924,92443.7,92470.0,92452.61,92466.55
2024-11-26T11:58:12.944,92442.0,92470.0,92452.39,92466.89
2024-11-26T11:58:12.964,92443.0,92470.3,92452.08,92467.63
2024-11-26T11:58:12.984,92443.2,92470.5,92451.76,92467.27
2024-11-26T11:58:13.004,92442.8,92470.6,92451.56,92467.47
2024-11-26T11:58:13.024,92442.8,92470.6,92451.53,92467.37
2024-11-26T11:58:13.044,92442.8,92470.8,92451.53,92467.96
2024-11-26T11:58:13.064,92442.8,92470.9,92451.516,92468.24
2024-11-26T11:58:13.084,92442.0,92471.6,92451.01,92468.91
2024-11-26T11:58:13.104,92442.0,92471.9,92450.89,92469.22
2024-11-26T11:58:13.124,92442.2,92471.9,92450.914,92469.22
2024-11-26T11:58:13.144,92442.2,92471.9,92451.39,92469.22
2024-11-26T11:58:13.164,92442.2,92471.9,92451.305,92469.22
2024-11-26T11:58:13.184,92442.2,92471.9,92450.836,92469.22
2024-11-26T11:58:13.204,92442.2,92471.6,92451.305,92469.05
2024-11-26T11:58:13.224,92442.2,92471.9,92451.29,92469.42
2024-11-26T11:58:13.244,92442.2,92471.9,92451.445,92469.38
2024-11-26T11:58:13.264,92442.2,92471.6,92451.46,92469.29
2024-11-26T11:58:13.284,92443.0,92471.5,92451.26,92468.75
2024-11-26T11:58:13.304,92443.0,92471.4,92451.26,92468.625
2024-11-26T11:58:13.324,92443.0,92471.3,92451.35,92468.3
2024-11-26T11:58:13.344,92443.0,92471.6,92453.11,92468.87
2024-11-26T11:58:13.364,92442.8,92471.5,92452.695,92468.64
2024-11-26T11:58:13.384,92442.8,92471.4,92452.65,92468.31
2024-11-26T11:58:13.404,92442.2,92471.4,92452.61,92468.23
2024-11-26T11:58:13.424,92442.3,92471.2,92452.6,92468.13
2024-11-26T11:58:13.444,92442.2,92471.2,92452.41,92468.125
2024-11-26T11:58:13.464,92442.1,92471.2,92452.13,92468.125
2024-11-26T11:58:13.504,92442.1,92471.3,92452.13,92468.125
2024-11-26T11:58:13.524,92442.2,92471.3,92452.2,92468.125
2024-11-26T11:58:13.544,92442.2,92471.4,92452.23,92468.445
2024-11-26T11:58:13.564,92442.3,92471.5,92452.234,92468.625
2024-11-26T11:58:13.584,92442.3,92471.5,92452.266,92468.625
2024-11-26T11:58:13.604,92442.8,92471.3,92452.26,92468.59
2024-11-26T11:58:13.624,92443.0,92471.3,92452.25,92468.59
2024-11-26T11:58:13.644,92442.8,92471.3,92452.195,92468.59
2024-11-26T11:58:13.664,92442.8,92471.3,92452.2,92468.59
2024-11-26T11:58:13.684,92442.8,92471.4,92452.2,92468.61
2024-11-26T11:58:13.724,92443.0,92471.4,92452.25,92468.61
2024-11-26T11:58:13.764,92443.0,92471.4,92452.25,92468.61
2024-11-26T11:58:13.844,92443.0,92471.4,92452.25,92468.61
2024-11-26T11:58:13.864,92443.0,92471.5,92452.266,92468.625
2024-11-26T11:58:13.884,92443.0,92471.4,92452.266,92468.61
2024-11-26T11:58:13.904,92443.0,92471.4,92452.28,92468.61
2024-11-26T11:58:13.924,92443.0,92471.4,92452.266,92468.61
2024-11-26T11:58:13.944,92444.0,92471.3,92453.03,92468.586
2024-11-26T11:58:13.964,92443.9,92471.3,92453.03,92468.586
2024-11-26T11:58:13.984,92443.7,92471.5,92452.26,92468.64
2024-11-26T11:58:14.004,92443.7,92471.5,92452.26,92468.64
2024-11-26T11:58:14.024,92443.9,92471.4,92453.016,92468.625
2024-11-26T11:58:14.044,92444.0,92471.4,92452.98,92468.625
2024-11-26T11:58:14.064,92444.0,92471.4,92452.71,92468.625
2024-11-26T11:58:14.084,92444.0,92471.4,92452.71,92468.625
2024-11-26T11:58:14.104,92444.0,92471.4,92452.71,92468.625
2024-11-26T11:58:14.124,92444.0,92471.5,92452.71,92468.69
2024-11-26T11:58:14.144,92443.9,92471.8,92452.734,92469.03
2024-11-26T11:58:14.164,92443.9,92471.8,92452.734,92469.02
2024-11-26T11:58:14.184,92443.9,92472.0,92452.734,92469.2
2024-11-26T11:58:14.204,92444.3,92472.0,92453.125,92469.2
2024-11-26T11:58:14.224,92444.0,92472.0,92452.51,92469.2
2024-11-26T11:58:14.264,92444.2,92472.0,92452.55,92469.2
2024-11-26T11:58:14.284,92444.2,92472.0,92452.57,92469.2
2024-11-26T11:58:14.304,92444.3,92472.0,92453.055,92469.2
2024-11-26T11:58:14.324,92444.3,92472.0,92453.06,92469.2
2024-11-26T11:58:14.364,92447.2,92474.9,92454.17,92471.15
2024-11-26T11:58:14.384,92448.3,92475.8,92457.91,92472.055
2024-11-26T11:58:14.404,92448.3,92476.2,92455.87,92472.17
2024-11-26T11:58:14.424,92448.5,92476.3,92455.805,92473.0
2024-11-26T11:58:14.444,92452.2,92478.8,92464.49,92475.75
2024-11-26T11:58:14.464,92452.2,92479.0,92462.74,92476.06
2024-11-26T11:58:14.484,92451.0,92479.2,92460.58,92476.13
2024-11-26T11:58:14.504,92450.0,92480.3,92460.14,92476.875
2024-11-26T11:58:14.524,92449.6,92480.3,92458.984,92477.12
2024-11-26T11:58:14.544,92458.9,92485.4,92472.48,92481.086
2024-11-26T11:58:14.564,92467.1,92492.5,92475.234,92487.914
2024-11-26T11:58:14.584,92468.8,92495.1,92478.414,92492.02
2024-11-26T11:58:14.604,92469.2,92497.4,92480.516,92494.09
2024-11-26T11:58:14.624,92466.6,92497.6,92477.5,92494.125
2024-11-26T11:58:14.645,92467.1,92498.6,92477.65,92494.93
2024-11-26T11:58:14.664,92467.1,92498.8,92478.086,92495.7
2024-11-26T11:58:14.684,92467.2,92498.8,92477.53,92496.16
2024-11-26T11:58:14.704,92467.3,92498.9,92477.16,92496.625
2024-11-26T11:58:14.724,92468.0,92498.8,92477.195,92496.09
2024-11-26T11:58:14.744,92468.0,92499.0,92477.49,92496.414
2024-11-26T11:58:14.764,92468.7,92499.0,92475.805,92496.48
2024-11-26T11:58:14.784,92468.8,92498.9,92476.31,92496.445
2024-11-26T11:58:14.804,92468.9,92498.9,92476.91,92496.32
2024-11-26T11:58:14.824,92468.9,92498.9,92476.734,92496.32
2024-11-26T11:58:14.844,92468.9,92498.9,92478.09,92496.32
2024-11-26T11:58:14.864,92468.8,92498.9,92478.08,92496.36
2024-11-26T11:58:14.884,92468.9,92499.1,92476.68,92496.555
2024-11-26T11:58:14.904,92469.0,92499.5,92478.02,92497.22
2024-11-26T11:58:14.924,92469.4,92499.5,92478.36,92497.22
2024-11-26T11:58:14.944,92469.5,92499.5,92477.48,92497.22
2024-11-26T11:58:14.964,92471.2,92499.5,92480.32,92497.22
2024-11-26T11:58:14.984,92471.3,92499.3,92479.875,92496.96
2024-11-26T11:58:15.004,92472.0,92499.1,92480.12,92496.266
2024-11-26T11:58:15.024,92472.0,92499.0,92481.016,92496.07
2024-11-26T11:58:15.044,92472.0,92499.1,92481.016,92496.12
2024-11-26T11:58:15.064,92471.7,92499.1,92480.86,92496.12
2024-11-26T11:58:15.084,92471.8,92499.1,92480.945,92496.12
2024-11-26T11:58:15.104,92472.2,92498.9,92481.08,92496.0
2024-11-26T11:58:15.124,92472.0,92498.8,92481.0,92495.97
2024-11-26T11:58:15.164,92472.4,92499.1,92483.53,92496.15
2024-11-26T11:58:15.184,92475.7,92500.2,92488.54,92497.445
2024-11-26T11:58:15.204,92477.1,92504.8,92488.33,92500.945
2024-11-26T11:58:15.224,92475.6,92505.0,92484.91,92501.19
2024-11-26T11:58:15.244,92475.6,92504.9,92484.484,92501.14
2024-11-26T11:58:15.264,92475.2,92504.9,92484.3,92501.14
2024-11-26T11:58:15.284,92475.2,92504.9,92484.13,92501.09
2024-11-26T11:58:15.304,92475.4,92504.9,92483.836,92501.12
2024-11-26T11:58:15.324,92475.4,92504.9,92483.85,92501.1
2024-11-26T11:58:15.344,92475.2,92504.8,92483.53,92501.055
2024-11-26T11:58:15.364,92475.0,92504.8,92482.445,92500.62
2024-11-26T11:58:15.384,92474.9,92504.6,92483.21,92500.51
2024-11-26T11:58:15.404,92476.0,92504.8,92485.11,92500.64
2024-11-26T11:58:15.424,92478.4,92505.1,92490.99,92501.23
2024-11-26T11:58:15.444,92478.3,92505.7,92490.516,92501.016
2024-11-26T11:58:15.464,92478.6,92505.6,92490.586,92501.0
2024-11-26T11:58:15.484,92478.0,92505.3,92490.45,92501.24
2024-11-26T11:58:15.504,92477.6,92505.4,92490.05,92501.04
2024-11-26T11:58:15.524,92477.8,92505.6,92491.91,92501.28
2024-11-26T11:58:15.544,92478.5,92505.9,92491.14,92501.39
2024-11-26T11:58:15.564,92478.5,92505.9,92490.13,92501.51
2024-11-26T11:58:15.584,92478.5,92505.9,92489.85,92501.46
2024-11-26T11:58:15.624,92478.4,92506.0,92489.836,92502.84
2024-11-26T11:58:15.644,92478.4,92506.0,92489.82,92502.84
2024-11-26T11:58:15.664,92478.4,92505.9,92489.34,92501.375
2024-11-26T11:58:15.684,92478.0,92506.0,92488.98,92502.55
2024-11-26T11:58:15.704,92477.8,92506.0,92488.71,92502.5
2024-11-26T11:58:15.725,92477.6,92506.0,92488.65,92502.555
2024-11-26T11:58:15.744,92477.6,92506.0,92487.91,92502.555
2024-11-26T11:58:15.765,92477.6,92505.9,92486.4,92501.08
2024-11-26T11:58:15.784,92477.1,92505.8,92484.68,92500.945
2024-11-26T11:58:15.804,92477.0,92505.9,92485.73,92500.99
2024-11-26T11:58:15.824,92476.2,92505.9,92485.1,92500.96
2024-11-26T11:58:15.844,92476.0,92505.9,92484.555,92500.96
2024-11-26T11:58:15.864,92475.7,92505.7,92481.53,92500.984
2024-11-26T11:58:15.884,92475.6,92505.6,92480.484,92500.98
2024-11-26T11:58:15.904,92475.4,92505.6,92480.44,92500.98
2024-11-26T11:58:15.924,92475.2,92505.6,92480.39,92500.945
2024-11-26T11:58:15.944,92474.9,92505.4,92480.38,92500.95
2024-11-26T11:58:15.964,92474.9,92505.4,92479.98,92500.95
2024-11-26T11:58:15.984,92475.4,92505.3,92480.09,92500.92
2024-11-26T11:58:16.004,92474.9,92505.3,92479.945,92500.93
2024-11-26T11:58:16.024,92474.1,92505.4,92479.27,92500.94
2024-11-26T11:58:16.044,92473.8,92505.4,92479.26,92500.94
2024-11-26T11:58:16.064,92473.8,92505.4,92479.26,92500.94
2024-11-26T11:58:16.084,92474.1,92505.4,92479.28,92500.945
2024-11-26T11:58:16.104,92472.2,92502.8,92475.62,92494.266
2024-11-26T11:58:16.124,92472.2,92501.3,92474.51,92492.05
2024-11-26T11:58:16.144,92471.1,92499.8,92474.54,92487.75
2024-11-26T11:58:16.164,92470.6,92498.0,92473.46,92484.555
2024-11-26T11:58:16.184,92471.0,92498.0,92474.6,92485.79
2024-11-26T11:58:16.204,92468.4,92498.6,92474.76,92487.54
2024-11-26T11:58:16.224,92468.3,92498.8,92475.1,92489.07
2024-11-26T11:58:16.244,92468.3,92498.4,92475.11,92489.07
2024-11-26T11:58:16.264,92468.2,92498.2,92475.17,92489.6
2024-11-26T11:58:16.285,92468.2,92498.2,92475.07,92489.68
2024-11-26T11:58:16.304,92468.0,92498.2,92474.95,92489.73
2024-11-26T11:58:16.324,92468.0,92498.2,92475.19,92490.38
2024-11-26T11:58:16.352,92468.2,92498.0,92475.37,92490.6
2024-11-26T11:58:16.364,92468.2,92498.6,92475.4,92491.46
2024-11-26T11:58:16.384,92468.2,92498.6,92475.4,92491.516
2024-11-26T11:58:16.404,92468.0,92498.8,92475.41,92491.34
2024-11-26T11:58:16.424,92468.0,92498.4,92475.34,92490.99
2024-11-26T11:58:16.444,92468.0,92497.9,92475.84,92491.055
2024-11-26T11:58:16.464,92467.9,92497.4,92474.99,92490.516
2024-11-26T11:58:16.485,92467.8,92497.2,92474.86,92490.5
2024-11-26T11:58:16.504,92467.8,92497.0,92475.49,92491.21
2024-11-26T11:58:16.525,92467.8,92497.2,92475.48,92491.46
2024-11-26T11:58:16.564,92467.8,92497.2,92475.48,92491.414
2024-11-26T11:58:16.584,92467.9,92496.9,92475.0,92490.87
2024-11-26T11:58:16.605,92467.9,92496.9,92475.0,92490.86
2024-11-26T11:58:16.624,92467.9,92496.9,92474.54,92490.72
2024-11-26T11:58:16.644,92467.8,92496.8,92474.41,92491.06
2024-11-26T11:58:16.664,92463.4,92495.3,92469.414,92488.33
2024-11-26T11:58:16.684,92461.0,92494.5,92463.83,92485.94
2024-11-26T11:58:16.704,92461.2,92491.1,92463.92,92480.766
2024-11-26T11:58:16.724,92461.4,92490.7,92468.38,92478.766
2024-11-26T11:58:16.744,92460.7,92490.8,92466.62,92482.61
2024-11-26T11:58:16.764,92460.7,92490.7,92467.17,92484.51
2024-11-26T11:58:16.784,92460.0,92490.4,92467.664,92485.5
2024-11-26T11:58:16.804,92459.8,92490.2,92467.266,92485.53
2024-11-26T11:58:16.824,92460.2,92490.2,92472.69,92485.68
2024-11-26T11:58:16.844,92460.1,92490.4,92470.15,92484.99
2024-11-26T11:58:16.864,92459.9,92490.4,92468.766,92485.08
2024-11-26T11:58:16.884,92459.7,92490.1,92464.08,92482.86
2024-11-26T11:58:16.904,92458.9,92489.5,92464.875,92481.586
2024-11-26T11:58:16.924,92458.9,92489.5,92465.41,92483.586
2024-11-26T11:58:16.944,92458.9,92490.0,92465.41,92485.69
2024-11-26T11:58:16.964,92459.8,92490.3,92468.945,92485.875
2024-11-26T11:58:16.984,92460.0,92490.8,92473.37,92487.15
2024-11-26T11:58:17.004,92460.2,92490.9,92469.73,92486.76
2024-11-26T11:58:17.024,92460.5,92490.9,92469.42,92486.86
2024-11-26T11:58:17.044,92460.6,92490.9,92469.33,92486.84
2024-11-26T11:58:17.064,92460.6,92490.9,92469.26,92486.77
2024-11-26T11:58:17.084,92460.6,92490.9,92469.26,92486.77
2024-11-26T11:58:17.104,92460.9,92490.8,92470.06,92486.76
2024-11-26T11:58:17.124,92461.4,92490.4,92471.75,92486.79
2024-11-26T11:58:17.144,92461.4,92490.5,92471.586,92486.45
2024-11-26T11:58:17.164,92460.9,92490.5,92470.02,92486.36
2024-11-26T11:58:17.184,92460.7,92490.5,92469.98,92486.19
2024-11-26T11:58:17.204,92460.7,92490.5,92469.9,92485.8
2024-11-26T11:58:17.225,92460.8,92490.5,92469.93,92486.32
2024-11-26T11:58:17.244,92460.8,92490.5,92469.93,92486.39
2024-11-26T11:58:17.264,92460.8,92490.5,92469.93,92486.41
2024-11-26T11:58:17.285,92460.8,92490.4,92467.83,92485.586
2024-11-26T11:58:17.304,92460.6,92490.4,92466.18,92485.805
2024-11-26T11:58:17.324,92460.5,92490.4,92465.94,92485.805
2024-11-26T11:58:17.344,92460.4,92490.4,92465.836,92485.805
2024-11-26T11:58:17.384,92460.2,92490.1,92462.98,92484.555
2024-11-26T11:58:17.404,92459.6,92489.4,92462.555,92479.23
2024-11-26T11:58:17.424,92459.5,92489.5,92463.45,92479.78
2024-11-26T11:58:17.444,92459.6,92489.5,92464.7,92480.2
2024-11-26T11:58:17.464,92459.6,92489.4,92464.336,92482.586
2024-11-26T11:58:17.485,92459.7,92489.4,92464.58,92484.21
2024-11-26T11:58:17.505,92459.8,92489.5,92465.445,92485.4
2024-11-26T11:58:17.524,92460.3,92489.8,92471.69,92486.02
2024-11-26T11:58:17.544,92460.5,92490.0,92469.516,92486.01
2024-11-26T11:58:17.564,92460.8,92489.9,92469.58,92485.86
2024-11-26T11:58:17.584,92460.9,92490.2,92470.266,92486.7
2024-11-26T11:58:17.604,92461.9,92490.8,92475.125,92487.414
2024-11-26T11:58:17.624,92462.9,92491.5,92477.086,92488.09
2024-11-26T11:58:17.644,92463.0,92491.9,92477.26,92488.31
2024-11-26T11:58:17.664,92463.1,92492.3,92476.21,92488.92
2024-11-26T11:58:17.684,92463.0,92492.3,92474.03,92488.81
2024-11-26T11:58:17.704,92463.5,92492.3,92474.03,92488.88
2024-11-26T11:58:17.724,92463.5,92492.3,92474.08,92489.04
2024-11-26T11:58:17.744,92463.6,92492.3,92474.05,92488.805
2024-11-26T11:58:17.764,92463.8,92492.4,92474.18,92489.2
2024-11-26T11:58:17.784,92464.0,92493.1,92473.25,92491.164
2024-11-26T11:58:17.804,92464.3,92493.3,92473.055,92491.266
2024-11-26T11:58:17.824,92464.8,92493.3,92473.06,92491.266
2024-11-26T11:58:17.844,92464.5,92493.3,92472.88,92491.33
2024-11-26T11:58:17.864,92464.2,92493.3,92473.51,92491.414
2024-11-26T11:58:17.884,92464.2,92493.3,92473.6,92491.41
2024-11-26T11:58:17.904,92464.9,92493.9,92473.0,92491.52
2024-11-26T11:58:17.924,92464.9,92493.9,92472.94,92491.52
2024-11-26T11:58:17.944,92464.8,92493.9,92473.62,92491.52
2024-11-26T11:58:17.964,92464.8,92493.9,92473.62,92491.58
2024-11-26T11:58:17.984,92464.9,92493.8,92473.914,92491.53
2024-11-26T11:58:18.004,92465.0,92493.3,92475.07,92491.375
2024-11-26T11:58:18.024,92465.0,92493.3,92475.01,92491.375
2024-11-26T11:58:18.044,92464.9,92493.3,92473.73,92491.375
2024-11-26T11:58:18.064,92464.9,92493.3,92473.73,92491.375
2024-11-26T11:58:18.084,92464.9,92493.3,92473.44,92491.375
2024-11-26T11:58:18.104,92465.0,92493.3,92474.76,92491.375
2024-11-26T11:58:18.124,92465.2,92494.6,92477.266,92492.0
2024-11-26T11:58:18.144,92467.1,92494.5,92481.64,92490.85
2024-11-26T11:58:18.164,92465.4,92494.6,92480.13,92490.96
2024-11-26T11:58:18.184,92465.3,92494.6,92480.016,92491.375
2024-11-26T11:58:18.204,92465.2,92494.6,92479.914,92491.41
2024-11-26T11:58:18.224,92465.2,92494.6,92479.92,92491.41
2024-11-26T11:58:18.244,92465.1,92494.6,92479.79,92491.41
2024-11-26T11:58:18.264,92465.3,92494.5,92479.96,92491.57
2024-11-26T11:58:18.304,92465.4,92494.5,92479.04,92491.57
2024-11-26T11:58:18.324,92466.4,92494.5,92479.445,92491.57
