server_time,best_bid_price,best_ask_price,avg_buy_price,avg_sell_price
2024-11-26T00:50:13.586,92953.5,92975.2,92964.4,92942.7
2024-11-26T00:50:13.604,92953.7,92975.2,92964.4,92942.7
2024-11-26T00:50:13.624,92953.64,92975.2,92964.41,92942.7
2024-11-26T00:50:13.644,92953.63,92975.2,92964.41,92942.7
2024-11-26T00:50:13.664,92953.86,92975.2,92964.42,92942.7
2024-11-26T00:50:13.685,92953.88,92975.2,92964.48,92942.7
2024-11-26T00:50:13.725,92954.66,92975.2,92964.48,92942.7
2024-11-26T00:50:13.744,92954.55,92975.2,92964.484,92942.7
2024-11-26T00:50:13.765,92954.55,92975.2,92964.23,92942.7
2024-11-26T00:50:13.785,92954.586,92975.2,92964.23,92942.7
2024-11-26T00:50:13.804,92954.25,92975.2,92964.23,92942.7
2024-11-26T00:50:13.824,92954.28,92975.2,92964.23,92942.7
2024-11-26T00:50:13.844,92953.9,92975.2,92964.35,92942.7
2024-11-26T00:50:13.865,92953.93,92975.2,92964.35,92942.7
2024-11-26T00:50:13.885,92953.94,92975.2,92964.586,92942.7
2024-11-26T00:50:13.905,92954.5,92975.2,92964.7,92942.7
2024-11-26T00:50:13.924,92954.37,92975.2,92964.7,92942.7
2024-11-26T00:50:13.944,92954.37,92975.2,92964.71,92942.7
2024-11-26T00:50:13.965,92953.55,92975.2,92964.695,92942.7
2024-11-26T00:50:13.984,92953.67,92975.2,92964.695,92942.7
2024-11-26T00:50:14.004,92953.55,92975.2,92964.695,92942.7
2024-11-26T00:50:14.024,92953.54,92975.2,92964.695,92942.4
2024-11-26T00:50:14.044,92953.54,92975.2,92964.7,92942.4
2024-11-26T00:50:14.064,92953.484,92975.2,92963.9,92942.4
2024-11-26T00:50:14.124,92953.7,92975.8,92964.73,92942.4
2024-11-26T00:50:14.144,92955.14,92980.5,92966.14,92942.4
2024-11-26T00:50:14.165,92955.07,92980.5,92965.734,92942.4
2024-11-26T00:50:14.184,92955.07,92980.5,92965.16,92942.4
2024-11-26T00:50:14.204,92955.07,92980.5,92967.69,92942.4
2024-11-26T00:50:14.224,92955.07,92980.6,92968.125,92942.4
2024-11-26T00:50:14.245,92955.06,92980.6,92968.125,92942.4
2024-11-26T00:50:14.264,92955.164,92980.6,92968.28,92942.4
2024-11-26T00:50:14.304,92955.3,92981.8,92970.984,92942.4
2024-11-26T00:50:14.324,92955.375,92981.9,92970.94,92942.4
2024-11-26T00:50:14.344,92955.27,92981.9,92970.914,92942.4
2024-11-26T00:50:14.364,92955.15,92981.9,92971.04,92942.4
2024-11-26T00:50:14.384,92955.17,92982.0,92971.51,92942.4
2024-11-26T00:50:14.404,92954.84,92982.0,92971.5,92942.4
2024-11-26T00:50:14.424,92954.83,92982.0,92971.5,92942.4
2024-11-26T00:50:14.444,92954.71,92982.0,92971.484,92942.4
2024-11-26T00:50:14.464,92954.92,92982.0,92971.484,92942.4
2024-11-26T00:50:14.484,92954.92,92982.0,92972.03,92942.4
2024-11-26T00:50:14.504,92955.16,92982.0,92972.03,92942.4
2024-11-26T00:50:14.524,92955.375,92982.0,92972.03,92942.4
2024-11-26T00:50:14.544,92955.375,92982.0,92972.25,92942.4
2024-11-26T00:50:14.604,92955.16,92982.0,92972.03,92942.4
2024-11-26T00:50:14.624,92955.23,92982.0,92973.984,92942.4
2024-11-26T00:50:14.644,92955.234,92982.0,92975.695,92942.4
2024-11-26T00:50:14.664,92955.23,92982.1,92975.74,92942.4
2024-11-26T00:50:14.684,92955.61,92982.1,92975.74,92942.4
2024-11-26T00:50:14.704,92955.61,92982.1,92975.89,92942.4
2024-11-26T00:50:14.724,92955.836,92982.1,92975.92,92942.4
2024-11-26T00:50:14.744,92955.79,92982.1,92975.91,92942.4
2024-11-26T00:50:14.764,92955.66,92982.1,92976.3,92942.4
2024-11-26T00:50:14.785,92961.945,93011.9,92999.766,92942.4
2024-11-26T00:50:14.804,92983.98,93017.0,92999.37,92942.4
2024-11-26T00:50:14.824,92980.77,93021.6,92999.9,92942.4
2024-11-26T00:50:14.844,92984.42,93021.6,92999.59,92942.4
2024-11-26T00:50:14.864,92984.11,93021.6,92998.8,92942.4
2024-11-26T00:50:14.884,92983.02,93021.6,92998.12,92942.4
2024-11-26T00:50:14.904,92994.02,93021.6,93001.18,92942.4
2024-11-26T00:50:14.924,92994.055,93021.6,93000.9,92942.4
2024-11-26T00:50:14.944,92992.625,93021.6,93001.914,92942.4
2024-11-26T00:50:14.964,92993.04,93021.6,93002.89,92942.4
2024-11-26T00:50:14.984,92993.19,93021.6,93003.88,92942.4
2024-11-26T00:50:15.004,92993.2,93021.6,93004.71,92942.4
2024-11-26T00:50:15.024,92992.805,93021.6,93004.47,92942.4
2024-11-26T00:50:15.044,92992.66,93021.6,93005.14,92942.4
2024-11-26T00:50:15.064,92992.4,93021.6,93004.77,92942.4
2024-11-26T00:50:15.084,92992.33,93021.6,93003.516,92942.4
2024-11-26T00:50:15.104,92992.33,93021.6,93003.76,92942.4
2024-11-26T00:50:15.124,92992.35,93021.6,93004.76,92942.4
2024-11-26T00:50:15.144,92992.516,93021.6,93004.734,92942.4
2024-11-26T00:50:15.164,92993.22,93021.6,93003.96,92942.4
2024-11-26T00:50:15.184,92993.21,93021.6,93004.08,92942.4
2024-11-26T00:50:15.204,92993.22,93021.6,93003.86,92942.4
2024-11-26T00:50:15.224,92993.016,93021.6,93002.65,92942.4
2024-11-26T00:50:15.244,92985.66,93021.6,92999.56,92942.4
2024-11-26T00:50:15.264,92985.84,93021.6,92998.26,92942.4
2024-11-26T00:50:15.284,92985.87,93021.6,92998.64,92942.4
2024-11-26T00:50:15.304,92982.07,93021.6,92999.15,92942.4
2024-11-26T00:50:15.324,92981.74,93021.6,92999.16,92942.4
2024-11-26T00:50:15.344,92983.01,93021.6,92998.625,92942.4
2024-11-26T00:50:15.364,92980.47,93021.6,92996.055,92942.4
2024-11-26T00:50:15.384,92981.9,93021.6,92998.97,92942.4
2024-11-26T00:50:15.404,92985.76,93021.6,92999.0,92942.4
2024-11-26T00:50:15.424,92985.83,93021.6,92999.67,92942.4
2024-11-26T00:50:15.444,92985.87,93021.6,93000.08,92942.4
2024-11-26T00:50:15.464,92985.87,93021.6,93000.27,92942.4
2024-11-26T00:50:15.484,92985.875,93021.6,93000.06,92942.4
2024-11-26T00:50:15.504,92985.86,93021.6,93000.055,92942.4
2024-11-26T00:50:15.524,92985.86,93021.6,93000.055,92942.4
2024-11-26T00:50:15.544,92985.87,93021.6,93000.09,92942.4
2024-11-26T00:50:15.564,92985.87,93021.6,93000.12,92942.4
2024-11-26T00:50:15.584,92986.81,93021.6,92998.96,92942.4
2024-11-26T00:50:15.604,92986.805,93021.6,92998.95,92942.4
2024-11-26T00:50:15.625,92986.805,93021.6,92999.414,92942.4
2024-11-26T00:50:15.644,92986.805,93021.6,92999.43,92942.4
2024-11-26T00:50:15.664,92986.805,93021.6,92999.44,92942.4
2024-11-26T00:50:15.685,92986.79,93021.6,92998.53,92942.4
2024-11-26T00:50:15.704,92986.42,93021.6,92998.52,92942.4
2024-11-26T00:50:15.725,92986.664,93021.6,92997.84,92942.4
2024-11-26T00:50:15.745,92987.33,93021.6,92997.84,92942.4
2024-11-26T00:50:15.764,92986.664,93021.6,92997.73,92942.4
2024-11-26T00:50:15.784,92986.805,93021.6,92997.79,92942.4
2024-11-26T00:50:15.804,92987.05,93021.6,92998.2,92942.4
2024-11-26T00:50:15.824,92987.08,93021.6,92998.32,92942.4
2024-11-26T00:50:15.844,92987.07,93021.6,92998.72,92942.4
2024-11-26T00:50:15.864,92986.89,93021.6,92998.59,92942.4
2024-11-26T00:50:15.884,92986.89,93021.6,92998.664,92942.4
2024-11-26T00:50:15.904,92986.87,93021.6,92998.586,92942.4
2024-11-26T00:50:15.924,92986.87,93021.6,92998.62,92942.4
2024-11-26T00:50:15.944,92986.86,93021.6,92998.586,92942.4
2024-11-26T00:50:15.964,92989.85,93021.6,93002.734,92942.4
2024-11-26T00:50:15.984,92994.74,93021.6,93003.164,92942.4
2024-11-26T00:50:16.004,92995.11,93021.6,93003.07,92942.4
2024-11-26T00:50:16.024,92994.85,93021.6,93002.77,92942.4
2024-11-26T00:50:16.044,92994.414,93021.6,93002.78,92942.4
2024-11-26T00:50:16.064,92994.17,93021.6,93002.81,92942.4
2024-11-26T00:50:16.084,92991.484,93021.6,93002.75,92942.4
2024-11-26T00:50:16.104,92989.61,93021.6,93002.74,92942.4
2024-11-26T00:50:16.124,92989.11,93021.6,93002.72,92942.4
2024-11-26T00:50:16.144,92989.11,93021.6,93002.72,92942.4
2024-11-26T00:50:16.164,92988.625,93021.6,93002.7,92942.4
2024-11-26T00:50:16.184,92988.6,93021.6,93003.09,92942.4
2024-11-26T00:50:16.204,92988.586,93021.6,93003.13,92942.4
2024-11-26T00:50:16.264,92986.76,93021.6,93003.1,92942.4
2024-11-26T00:50:16.284,92986.74,93021.6,93003.164,92942.4
2024-11-26T00:50:16.324,92986.77,93021.6,93003.12,92942.4
2024-11-26T00:50:16.344,92986.68,93021.6,93003.05,92942.4
2024-11-26T00:50:16.364,92985.555,93021.6,93003.04,92942.4
2024-11-26T00:50:16.384,92985.68,93021.6,93003.04,92942.4
2024-11-26T00:50:16.424,92985.68,93021.6,93003.06,92942.4
2024-11-26T00:50:16.464,92985.68,93021.6,93003.01,92942.4
2024-11-26T00:50:16.484,92985.68,93021.6,93003.0,92942.4
2024-11-26T00:50:16.544,92984.2,93021.6,93000.78,92942.4
2024-11-26T00:50:16.564,92984.055,93021.6,93000.2,92942.4
2024-11-26T00:50:16.584,92984.125,93021.6,93000.37,92942.4
2024-11-26T00:50:16.604,92984.11,93021.6,93000.55,92942.4
2024-11-26T00:50:16.624,92984.234,93021.6,93000.734,92942.4
2024-11-26T00:50:16.644,92984.7,93021.6,93000.664,92942.4
2024-11-26T00:50:16.664,92984.7,93021.6,93000.695,92942.4
2024-11-26T00:50:16.704,92985.15,93021.6,93000.695,92942.4
2024-11-26T00:50:16.724,92984.7,93021.6,93000.67,92942.4
2024-11-26T00:50:16.744,92984.7,93021.6,93000.55,92942.4
2024-11-26T00:50:16.764,92984.7,93021.6,93000.586,92942.4
2024-11-26T00:50:16.804,92984.7,93021.6,93000.516,92942.4
2024-11-26T00:50:16.824,92984.7,93021.6,93000.516,92942.4
2024-11-26T00:50:16.844,92986.875,93021.6,93000.7,92942.4
2024-11-26T00:50:16.864,92989.34,93021.6,93001.5,92942.4
2024-11-26T00:50:16.884,92989.414,93021.6,93001.41,92942.4
2024-11-26T00:50:16.904,92989.71,93021.6,93001.29,92942.4
2024-11-26T00:50:16.924,92989.76,93021.6,93001.52,92942.4
2024-11-26T00:50:16.944,92989.8,93021.6,93001.586,92942.4
2024-11-26T00:50:16.964,92989.875,93021.6,93001.805,92942.4
2024-11-26T00:50:16.984,92989.83,93021.6,93001.695,92942.4
2024-11-26T00:50:17.004,92989.73,93021.6,93001.664,92942.4
2024-11-26T00:50:17.025,92989.805,93021.6,93001.63,92942.4
2024-11-26T00:50:17.044,92989.77,93021.6,93001.67,92942.4
2024-11-26T00:50:17.064,92989.77,93021.6,93001.875,92942.4
2024-11-26T00:50:17.084,92989.78,93021.6,93001.9,92942.4
2024-11-26T00:50:17.104,92990.36,93021.6,93001.98,92942.4
2024-11-26T00:50:17.125,92989.89,93021.6,93001.805,92942.4
2024-11-26T00:50:17.145,92989.89,93021.6,93001.836,92942.4
2024-11-26T00:50:17.165,92989.89,93021.6,93001.84,92942.4
2024-11-26T00:50:17.184,92989.89,93021.6,93001.82,92942.4
2024-11-26T00:50:17.225,92989.96,93021.6,93001.82,92942.4
2024-11-26T00:50:17.245,92989.97,93021.6,93001.82,92942.4
2024-11-26T00:50:17.264,92989.58,93021.6,93001.63,92942.4
2024-11-26T00:50:17.284,92989.83,93021.6,93001.63,92942.4
2024-11-26T00:50:17.304,92988.61,93021.6,93001.805,92942.4
2024-11-26T00:50:17.324,92984.5,93021.6,93001.52,92942.4
2024-11-26T00:50:17.344,92983.82,93021.6,92996.375,92942.4
2024-11-26T00:50:17.364,92979.1,93021.6,92996.164,92942.4
2024-11-26T00:50:17.384,92976.75,93021.6,92996.1,92942.4
2024-11-26T00:50:17.404,92979.75,93021.6,92995.63,92942.4
2024-11-26T00:50:17.424,92979.71,93021.6,92995.22,92942.4
2024-11-26T00:50:17.444,92975.3,93021.6,92992.266,92942.4
2024-11-26T00:50:17.464,92972.375,93021.6,92989.16,92942.4
2024-11-26T00:50:17.484,92971.8,93021.6,92988.625,92942.4
2024-11-26T00:50:17.504,92969.14,93021.6,92988.77,92942.4
2024-11-26T00:50:17.524,92969.03,93021.6,92986.1,92942.4
2024-11-26T00:50:17.544,92969.3,93021.6,92985.71,92942.4
2024-11-26T00:50:17.564,92969.19,93021.6,92986.27,92942.4
2024-11-26T00:50:17.584,92965.98,93021.6,92983.49,92942.4
2024-11-26T00:50:17.604,92964.625,93021.6,92982.46,92942.4
2024-11-26T00:50:17.624,92963.96,93021.6,92984.445,92942.4
2024-11-26T00:50:17.644,92964.14,93021.6,92983.04,92942.4
2024-11-26T00:50:17.664,92964.125,93021.6,92983.03,92942.4
2024-11-26T00:50:17.684,92964.32,93021.6,92982.88,92942.4
2024-11-26T00:50:17.704,92966.17,93021.6,92983.29,92942.4
2024-11-26T00:50:17.724,92967.52,93021.6,92983.85,92942.4
2024-11-26T00:50:17.744,92971.305,93021.6,92984.57,92942.4
2024-11-26T00:50:17.764,92971.83,93021.6,92985.516,92942.4
2024-11-26T00:50:17.784,92971.766,93021.6,92983.73,92942.4
2024-11-26T00:50:17.804,92971.03,93021.6,92983.516,92942.4
2024-11-26T00:50:17.844,92971.1,93021.6,92983.516,92942.4
2024-11-26T00:50:17.864,92971.26,93021.6,92984.086,92942.4
2024-11-26T00:50:17.884,92971.305,93021.6,92985.625,92942.4
2024-11-26T00:50:17.905,92972.516,93021.6,92986.36,92942.4
2024-11-26T00:50:17.924,92972.516,93021.6,92986.33,92942.4
2024-11-26T00:50:17.944,92971.34,93021.6,92986.33,92942.4
2024-11-26T00:50:17.964,92971.34,93021.6,92986.266,92942.4
2024-11-26T00:50:17.984,92971.34,93021.6,92986.22,92942.4
2024-11-26T00:50:18.004,92971.234,93021.6,92986.164,92942.4
2024-11-26T00:50:18.024,92971.234,93021.6,92986.086,92942.4
2024-11-26T00:50:18.044,92972.09,93021.6,92986.07,92942.4
2024-11-26T00:50:18.064,92972.15,93021.6,92986.07,92942.4
2024-11-26T00:50:18.085,92972.086,93021.6,92986.07,92942.4
2024-11-26T00:50:18.104,92972.15,93021.6,92985.91,92942.4
2024-11-26T00:50:18.125,92972.15,93021.6,92985.69,92942.4
2024-11-26T00:50:18.144,92972.52,93021.6,92985.49,92942.4
2024-11-26T00:50:18.184,92972.58,93021.6,92985.23,92942.4
2024-11-26T00:50:18.205,92972.695,93021.6,92985.53,92942.4
2024-11-26T00:50:18.244,92972.586,93021.6,92985.375,92942.4
2024-11-26T00:50:18.284,92972.42,93021.6,92985.375,92942.4
2024-11-26T00:50:18.304,92972.195,93021.6,92985.45,92942.4
2024-11-26T00:50:18.324,92972.2,93021.6,92985.5,92942.4
2024-11-26T00:50:18.344,92969.37,93021.6,92985.37,92942.4
2024-11-26T00:50:18.364,92969.016,93021.6,92985.35,92942.4
2024-11-26T00:50:18.385,92969.55,93021.6,92985.37,92942.4
2024-11-26T00:50:18.404,92969.64,93021.6,92985.2,92942.4
2024-11-26T00:50:18.425,92969.06,93021.6,92985.164,92942.4
2024-11-26T00:50:18.445,92969.055,93021.6,92985.16,92942.4
2024-11-26T00:50:18.465,92971.07,93021.6,92985.28,92942.4
2024-11-26T00:50:18.484,92971.08,93021.6,92985.29,92942.4
2024-11-26T00:50:18.504,92971.06,93021.6,92985.29,92942.4
2024-11-26T00:50:18.524,92971.09,93021.6,92985.29,92942.4
2024-11-26T00:50:18.545,92971.09,93021.6,92985.31,92942.4
2024-11-26T00:50:18.565,92971.09,93021.6,92985.305,92942.4
2024-11-26T00:50:18.604,92971.21,93021.6,92985.33,92942.4
2024-11-26T00:50:18.664,92971.22,93021.6,92985.33,92942.4
2024-11-26T00:50:18.685,92971.22,93021.6,92985.33,92942.4
2024-11-26T00:50:18.704,92971.29,93021.6,92985.33,92942.4
2024-11-26T00:50:18.724,92971.555,93021.6,92985.67,92942.4
2024-11-26T00:50:18.745,92971.59,93021.6,92985.73,92942.4
2024-11-26T00:50:18.764,92971.51,93021.6,92985.73,92942.4
2024-11-26T00:50:18.784,92971.05,93021.6,92985.82,92942.4
2024-11-26T00:50:18.805,92971.57,93021.6,92986.445,92942.4
2024-11-26T00:50:18.824,92971.555,93021.6,92986.09,92942.4
2024-11-26T00:50:18.845,92971.555,93021.6,92987.086,92942.4
2024-11-26T00:50:18.864,92971.555,93021.6,92987.18,92942.4
2024-11-26T00:50:18.904,92971.36,93021.6,92986.805,92942.4
2024-11-26T00:50:18.925,92971.83,93021.6,92987.086,92942.4
2024-11-26T00:50:18.944,92972.016,93021.6,92987.11,92942.4
2024-11-26T00:50:18.965,92972.03,93021.6,92987.04,92942.4
2024-11-26T00:50:18.984,92972.03,93021.6,92987.03,92942.4
2024-11-26T00:50:19.005,92971.59,93021.6,92987.02,92942.4
2024-11-26T00:50:19.025,92971.74,93021.6,92987.305,92942.4
2024-11-26T00:50:19.044,92971.766,93021.6,92986.49,92942.4
2024-11-26T00:50:19.064,92971.766,93021.6,92986.49,92942.4
2024-11-26T00:50:19.085,92971.94,93021.6,92987.43,92942.4
2024-11-26T00:50:19.104,92971.44,93021.6,92986.875,92942.4
2024-11-26T00:50:19.124,92971.88,93021.6,92987.55,92942.4
2024-11-26T00:50:19.144,92979.46,93021.6,92990.9,92942.4
2024-11-26T00:50:19.164,92981.73,93021.6,92996.3,92942.4
2024-11-26T00:50:19.184,92982.18,93021.6,92998.125,92942.4
2024-11-26T00:50:19.204,92984.39,93021.6,92999.4,92942.4
2024-11-26T00:50:19.224,92983.375,93021.6,92998.61,92942.4
2024-11-26T00:50:19.244,92982.836,93021.6,92998.47,92942.4
2024-11-26T00:50:19.264,92982.42,93021.6,92998.74,92942.4
2024-11-26T00:50:19.284,92984.11,93021.6,92998.68,92942.4
2024-11-26T00:50:19.304,92981.31,93021.6,92998.39,92942.4
2024-11-26T00:50:19.325,92981.02,93021.6,92998.24,92942.4
2024-11-26T00:50:19.344,92980.9,93021.6,92998.1,92942.4
2024-11-26T00:50:19.364,92981.52,93021.6,92998.164,92942.4
2024-11-26T00:50:19.384,92981.52,93021.6,92998.16,92942.4
2024-11-26T00:50:19.404,92981.52,93021.6,92998.19,92942.4
2024-11-26T00:50:19.424,92981.836,93021.6,92998.08,92942.4
2024-11-26T00:50:19.445,92982.21,93021.6,92998.164,92942.4
2024-11-26T00:50:19.464,92982.22,93021.6,92998.164,92942.4
2024-11-26T00:50:19.485,92982.4,93021.6,92998.26,92942.4
2024-11-26T00:50:19.505,92982.445,93021.6,92998.26,92942.4
2024-11-26T00:50:19.524,92982.445,93021.6,92998.26,92942.4
2024-11-26T00:50:19.544,92982.586,93021.6,92998.26,92942.4
2024-11-26T00:50:19.564,92982.586,93021.6,92998.41,92942.4
2024-11-26T00:50:19.584,92982.59,93021.6,92998.41,92942.4
2024-11-26T00:50:19.604,92982.59,93021.6,92998.44,92942.4
2024-11-26T00:50:19.644,92982.46,93021.6,92998.48,92942.4
2024-11-26T00:50:19.664,92982.13,93021.6,92997.93,92942.4
2024-11-26T00:50:19.685,92981.57,93021.6,92997.91,92942.4
2024-11-26T00:50:19.704,92981.29,93021.6,92997.91,92942.4
2024-11-26T00:50:19.724,92981.3,93021.6,92997.92,92942.4
2024-11-26T00:50:19.744,92981.32,93021.6,92997.89,92942.4
2024-11-26T00:50:19.765,92981.77,93021.6,92997.89,92942.4
2024-11-26T00:50:19.804,92981.97,93021.6,92997.92,92942.4
2024-11-26T00:50:19.825,92982.24,93021.6,92997.92,92942.4
2024-11-26T00:50:19.844,92982.54,93021.6,92998.12,92942.4
2024-11-26T00:50:19.865,92982.49,93021.6,92998.484,92942.4
2024-11-26T00:50:19.884,92982.49,93021.6,92998.62,92942.4
2024-11-26T00:50:19.904,92982.266,93021.6,92998.62,92942.4
2024-11-26T00:50:19.924,92982.28,93021.6,92998.68,92942.4
2024-11-26T00:50:19.944,92982.29,93021.6,92998.7,92942.4
2024-11-26T00:50:19.964,92982.305,93021.6,92998.72,92942.4
2024-11-26T00:50:20.004,92982.305,93021.6,92998.72,92942.4
2024-11-26T00:50:20.024,92982.31,93021.6,92998.72,92942.4
2024-11-26T00:50:20.044,92986.77,93021.6,92998.875,92942.4
2024-11-26T00:50:20.064,92986.36,93021.6,92998.67,92942.4
2024-11-26T00:50:20.084,92986.19,93021.6,92998.66,92942.4
2024-11-26T00:50:20.104,92986.18,93021.6,92998.664,92942.4
2024-11-26T00:50:20.124,92986.26,93021.6,92998.61,92942.4
2024-11-26T00:50:20.144,92986.29,93021.6,92998.63,92942.4
2024-11-26T00:50:20.164,92986.22,93021.6,92998.59,92942.4
2024-11-26T00:50:20.184,92986.36,93021.6,92998.484,92942.4
2024-11-26T00:50:20.204,92986.34,93021.6,92998.48,92942.4
2024-11-26T00:50:20.224,92986.02,93021.6,92998.38,92942.4
2024-11-26T00:50:20.245,92985.83,93021.6,92998.5,92942.4
2024-11-26T00:50:20.264,92985.83,93021.6,92998.5,92942.4
2024-11-26T00:50:20.285,92985.83,93021.6,92998.625,92942.4
2024-11-26T00:50:20.304,92985.83,93021.6,92998.586,92942.4
2024-11-26T00:50:20.324,92985.83,93021.6,92998.53,92942.4
2024-11-26T00:50:20.344,92985.81,93021.6,92998.39,92942.4
2024-11-26T00:50:20.365,92985.81,93021.6,92998.52,92942.4
2024-11-26T00:50:20.385,92985.81,93021.6,92998.52,92942.4
2024-11-26T00:50:20.424,92985.83,93021.6,92998.69,92942.4
2024-11-26T00:50:20.444,92985.9,93021.6,92999.12,92942.4
2024-11-26T00:50:20.464,92986.05,93021.6,92999.516,92942.4
2024-11-26T00:50:20.484,92989.445,93021.6,92999.98,92942.4
2024-11-26T00:50:20.504,92992.8,93021.6,92999.69,92942.4
2024-11-26T00:50:20.524,92993.59,93021.6,92999.66,92942.4
2024-11-26T00:50:20.544,92993.26,93021.6,92999.664,92942.4
2024-11-26T00:50:20.564,92993.38,93021.6,92999.664,92942.4
2024-11-26T00:50:20.584,92993.125,93021.6,92999.695,92942.4
2024-11-26T00:50:20.604,92993.15,93021.6,92999.62,92942.4
2024-11-26T00:50:20.624,92994.41,93021.6,93000.44,92942.4
2024-11-26T00:50:20.644,92994.46,93021.6,93000.65,92942.4
2024-11-26T00:50:20.664,92994.31,93021.6,93000.84,92942.4
2024-11-26T00:50:20.684,92994.305,93021.6,93000.555,92942.4
2024-11-26T00:50:20.704,92994.234,93021.6,93000.56,92942.4
2024-11-26T00:50:20.724,92994.22,93021.6,93001.125,92942.4
2024-11-26T00:50:20.744,92994.23,93021.6,93001.63,92942.4
2024-11-26T00:50:20.764,92994.33,93021.6,93000.625,92942.4
2024-11-26T00:50:20.784,92994.336,93021.6,93000.36,92942.4
2024-11-26T00:50:20.804,92994.35,93021.6,93001.164,92942.4
2024-11-26T00:50:20.825,92994.59,93021.6,93001.305,92942.4
2024-11-26T00:50:20.844,92994.516,93021.6,93001.25,92942.4
2024-11-26T00:50:20.865,92994.36,93021.6,93001.266,92942.4
2024-11-26T00:50:20.884,92994.28,93021.6,93001.14,92942.4
2024-11-26T00:50:20.905,92994.07,93021.6,93001.055,92942.4
2024-11-26T00:50:20.924,92994.13,93021.6,93001.055,92942.4
2024-11-26T00:50:20.944,92994.414,93021.6,93001.09,92942.4
2024-11-26T00:50:20.964,92996.28,93021.6,93004.19,92942.4
2024-11-26T00:50:20.984,92997.39,93021.6,93014.09,92942.4
2024-11-26T00:50:21.004,93006.23,93021.6,93017.234,92942.4
2024-11-26T00:50:21.024,93007.56,93024.4,93021.04,92942.4
2024-11-26T00:50:21.044,93010.445,93024.5,93022.016,92942.4
2024-11-26T00:50:21.064,93008.164,93024.7,93022.46,92942.4
2024-11-26T00:50:21.084,93007.74,93027.5,93023.9,92942.4
2024-11-26T00:50:21.104,93008.81,93028.0,93024.02,92942.4
2024-11-26T00:50:21.124,93009.125,93028.6,93024.12,92942.4
2024-11-26T00:50:21.144,93014.19,93028.9,93024.23,92942.4
2024-11-26T00:50:21.164,93009.23,93029.0,93022.77,92942.4
2024-11-26T00:50:21.184,93010.234,93029.0,93023.04,92942.4
2024-11-26T00:50:21.204,93009.13,93029.0,93023.08,92942.4
2024-11-26T00:50:21.224,93011.0,93029.0,93023.18,92942.4
2024-11-26T00:50:21.244,93011.055,93029.0,93023.57,92942.4
2024-11-26T00:50:21.264,93011.36,93029.3,93023.766,92942.4
2024-11-26T00:50:21.284,93011.62,93029.3,93023.88,92942.4
2024-11-26T00:50:21.304,93011.61,93029.8,93024.51,92942.4
2024-11-26T00:50:21.324,93009.09,93030.3,93024.53,92942.4
2024-11-26T00:50:21.344,93008.78,93030.3,93023.766,92942.4
2024-11-26T00:50:21.364,93008.75,93030.3,93023.59,92942.4
2024-11-26T00:50:21.384,93010.31,93030.3,93020.336,92942.4
2024-11-26T00:50:21.404,93009.07,93030.3,93020.336,92942.4
2024-11-26T00:50:21.424,93010.766,93030.3,93020.37,92942.4
2024-11-26T00:50:21.444,93011.266,93030.3,93020.4,92942.4
2024-11-26T00:50:21.464,93011.42,93030.3,93020.4,92942.4
2024-11-26T00:50:21.485,93011.57,93030.3,93020.68,92942.4
2024-11-26T00:50:21.505,93011.59,93030.3,93020.71,92942.4
2024-11-26T00:50:21.544,93011.734,93030.3,93020.62,92942.4
2024-11-26T00:50:21.565,93011.945,93030.3,93020.71,92942.4
2024-11-26T00:50:21.584,93011.945,93030.3,93020.69,92942.4
2024-11-26T00:50:21.604,93011.95,93030.3,93020.6,92942.4
2024-11-26T00:50:21.624,93011.96,93030.3,93020.6,92942.4
2024-11-26T00:50:21.645,93013.336,93031.1,93024.195,92942.4
2024-11-26T00:50:21.664,93013.336,93031.1,93024.19,92942.4
2024-11-26T00:50:21.685,93013.28,93031.1,93024.19,92942.4
2024-11-26T00:50:21.704,93012.68,93031.1,93024.19,92942.4
2024-11-26T00:50:21.725,93012.75,93031.1,93024.5,92942.4
2024-11-26T00:50:21.744,93012.836,93031.1,93024.5,92942.4
2024-11-26T00:50:21.765,93013.13,93031.5,93024.68,92942.4
2024-11-26T00:50:21.784,93014.76,93031.5,93024.695,92942.4
2024-11-26T00:50:21.804,93014.734,93032.9,93025.21,92942.4
2024-11-26T00:50:21.824,93014.54,93034.6,93025.695,92942.4
2024-11-26T00:50:21.844,93014.56,93034.7,93027.37,92942.4
2024-11-26T00:50:21.864,93014.586,93034.8,93028.26,92942.4
2024-11-26T00:50:21.884,93014.98,93037.0,93028.99,92942.4
2024-11-26T00:50:21.904,93016.38,93038.3,93026.61,92942.4
2024-11-26T00:50:21.924,93016.47,93039.8,93029.16,92942.4
2024-11-26T00:50:21.944,93016.83,93039.8,93029.13,92942.4
2024-11-26T00:50:21.964,93016.836,93039.8,93029.15,92942.4
2024-11-26T00:50:21.984,93016.97,93040.9,93030.66,92942.4
2024-11-26T00:50:22.004,93016.82,93041.0,93030.695,92942.4
2024-11-26T00:50:22.024,93016.76,93041.0,93029.766,92942.4
2024-11-26T00:50:22.044,93016.77,93041.0,93029.984,92942.4
2024-11-26T00:50:22.064,93016.77,93041.0,93030.984,92942.4
2024-11-26T00:50:22.084,93016.77,93041.0,93030.52,92942.4
2024-11-26T00:50:22.104,93016.77,93041.0,93030.46,92942.4
2024-11-26T00:50:22.124,93016.77,93041.0,93030.52,92942.4
2024-11-26T00:50:22.144,93016.766,93041.0,93030.46,92942.4
2024-11-26T00:50:22.164,93016.586,93041.0,93030.4,92942.4
2024-11-26T00:50:22.185,93016.586,93041.0,93030.13,92942.4
2024-11-26T00:50:22.204,93016.01,93041.0,93029.516,92942.4
2024-11-26T00:50:22.225,93014.43,93041.0,93029.61,92942.4
2024-11-26T00:50:22.244,93014.53,93041.0,93029.84,92942.4
2024-11-26T00:50:22.264,93014.76,93041.0,93029.75,92942.4
2024-11-26T00:50:22.284,93014.33,93041.0,93029.82,92942.4
2024-11-26T00:50:22.304,93014.42,93041.0,93029.91,92942.4
2024-11-26T00:50:22.324,93014.67,93041.0,93029.734,92942.4
2024-11-26T00:50:22.344,93014.79,93041.0,93029.91,92942.4
2024-11-26T00:50:22.364,93014.81,93041.0,93030.0,92942.4
2024-11-26T00:50:22.424,93014.81,93041.0,93029.78,92942.4
2024-11-26T00:50:22.444,93014.81,93041.0,93029.74,92942.4
2024-11-26T00:50:22.464,93014.79,93041.0,93029.61,92942.4
2024-11-26T00:50:22.484,93014.84,93041.0,93030.12,92942.4
2024-11-26T00:50:22.505,93014.85,93041.0,93030.02,92942.4
2024-11-26T00:50:22.524,93014.83,93041.0,93030.02,92942.4
2024-11-26T00:50:22.544,93014.164,93041.0,93030.01,92942.4
2024-11-26T00:50:22.565,93014.164,93041.0,93030.07,92942.4
2024-11-26T00:50:22.585,93014.164,93041.0,93030.06,92942.4
2024-11-26T00:50:22.604,93014.29,93041.0,93030.08,92942.4
2024-11-26T00:50:22.624,93014.29,93041.0,93030.19,92942.4
2024-11-26T00:50:22.645,93014.29,93041.0,93030.4,92942.4
2024-11-26T00:50:22.685,93014.32,93041.0,93030.48,92942.4
2024-11-26T00:50:22.705,93014.32,93041.0,93030.42,92942.4
2024-11-26T00:50:22.725,93014.32,93041.0,93030.586,92942.4
2024-11-26T00:50:22.764,93014.164,93041.0,93030.61,92942.4
2024-11-26T00:50:22.784,93014.37,93041.0,93030.67,92942.4
2024-11-26T00:50:22.805,93014.49,93041.0,93030.69,92942.4
2024-11-26T00:50:22.824,93014.47,93041.0,93030.41,92942.4
2024-11-26T00:50:22.844,93014.47,93041.0,93030.3,92942.4
2024-11-26T00:50:22.884,93014.47,93041.0,93030.3,92942.4
2024-11-26T00:50:22.924,93014.22,93041.0,93030.3,92942.4
2024-11-26T00:50:22.944,93014.37,93041.0,93030.7,92942.4
2024-11-26T00:50:22.965,93014.37,93041.0,93031.164,92942.4
2024-11-26T00:50:22.984,93014.055,93041.0,93030.85,92942.4
2024-11-26T00:50:23.004,93013.96,93041.0,93030.586,92942.4
2024-11-26T00:50:23.024,93014.08,93041.0,93031.59,92942.4
2024-11-26T00:50:23.044,93014.19,93041.0,93030.44,92942.4
2024-11-26T00:50:23.064,93014.19,93041.0,93030.445,92942.4
2024-11-26T00:50:23.084,93014.19,93041.0,93031.97,92942.4
2024-11-26T00:50:23.104,93014.32,93041.0,93031.97,92942.4
2024-11-26T00:50:23.124,93014.33,93041.0,93031.97,92942.4
2024-11-26T00:50:23.144,93014.516,93041.0,93032.25,92942.4
2024-11-26T00:50:23.164,93014.55,93041.0,93031.49,92942.4
2024-11-26T00:50:23.184,93014.31,93041.0,93031.76,92942.4
2024-11-26T00:50:23.204,93014.41,93041.0,93031.766,92942.4
2024-11-26T00:50:23.225,93014.32,93041.0,93032.4,92942.4
2024-11-26T00:50:23.244,93014.48,93041.0,93032.29,92942.4
2024-11-26T00:50:23.264,93014.49,93041.0,93032.28,92942.4
2024-11-26T00:50:23.284,93014.45,93041.0,93032.16,92942.4
2024-11-26T00:50:23.344,93014.45,93041.0,93032.15,92942.4
2024-11-26T00:50:23.384,93014.45,93041.0,93032.15,92942.4
2024-11-26T00:50:23.404,93014.56,93041.0,93032.15,92942.4
2024-11-26T00:50:23.424,93014.56,93041.0,93032.15,92942.4
2024-11-26T00:50:23.444,93014.56,93041.0,93032.14,92942.4
2024-11-26T00:50:23.464,93014.586,93041.0,93032.195,92942.4
2024-11-26T00:50:23.484,93014.586,93041.0,93032.18,92942.4
2024-11-26T00:50:23.544,93014.586,93041.0,93032.22,92942.4
2024-11-26T00:50:23.584,93014.59,93041.0,93032.22,92942.4
2024-11-26T00:50:23.604,93014.6,93041.0,93030.29,92942.4
2024-11-26T00:50:23.684,93014.766,93041.0,93030.29,92942.4
2024-11-26T00:50:23.724,93014.76,93041.0,93030.29,92942.4
2024-11-26T00:50:23.744,93014.76,93041.0,93030.29,92942.4
2024-11-26T00:50:23.764,93014.766,93041.0,93032.31,92942.4
2024-11-26T00:50:23.844,93014.76,93041.0,93032.31,92942.4
2024-11-26T00:50:23.864,93014.76,93041.0,93032.31,92942.4
2024-11-26T00:50:23.884,93014.79,93041.0,93032.31,92942.4
2024-11-26T00:50:23.944,93014.83,93041.0,93032.31,92942.4
2024-11-26T00:50:23.964,93015.23,93041.0,93032.79,92942.4
2024-11-26T00:50:23.984,93015.32,93041.0,93032.79,92942.4
2024-11-26T00:50:24.004,93015.75,93041.0,93032.8,92942.4
2024-11-26T00:50:24.044,93015.75,93041.0,93032.8,92942.4
2024-11-26T00:50:24.064,93015.75,93041.0,93032.75,92942.4
2024-11-26T00:50:24.104,93015.63,93041.0,93033.09,92942.4
2024-11-26T00:50:24.124,93018.07,93041.0,93035.81,92942.4
2024-11-26T00:50:24.144,93018.02,93041.0,93035.97,92942.4
2024-11-26T00:50:24.164,93017.24,93041.0,93035.98,92942.4
2024-11-26T00:50:24.184,93017.01,93041.0,93035.98,92942.4
2024-11-26T00:50:24.204,93022.3,93041.7,93037.445,92942.4
2024-11-26T00:50:24.224,93021.945,93041.8,93036.94,92942.4
2024-11-26T00:50:24.244,93021.36,93041.8,93036.21,92942.4
2024-11-26T00:50:24.264,93020.664,93041.8,93035.695,92942.4
2024-11-26T00:50:24.285,93020.35,93041.8,93035.63,92942.4
2024-11-26T00:50:24.304,93020.27,93041.8,93035.63,92942.4
2024-11-26T00:50:24.325,93020.266,93041.8,93035.63,92942.4
2024-11-26T00:50:24.344,93020.45,93041.8,93035.64,92942.4
2024-11-26T00:50:24.364,93019.46,93041.8,93035.64,92942.4
2024-11-26T00:50:24.384,93018.24,93041.8,93035.59,92942.4
2024-11-26T00:50:24.404,93018.54,93041.8,93035.58,92942.4
2024-11-26T00:50:24.424,93018.625,93041.8,93035.58,92942.4
2024-11-26T00:50:24.444,93018.45,93041.8,93035.64,92942.4
2024-11-26T00:50:24.464,93017.23,93041.8,93035.81,92942.4
2024-11-26T00:50:24.484,93016.79,93041.8,93035.71,92942.4
2024-11-26T00:50:24.504,93016.95,93041.8,93035.71,92942.4
2024-11-26T00:50:24.524,93017.06,93041.8,93035.71,92942.4
2024-11-26T00:50:24.544,93017.086,93041.8,93035.71,92942.4
2024-11-26T00:50:24.564,93017.11,93041.8,93035.71,92942.4
2024-11-26T00:50:24.584,93017.17,93041.8,93035.54,92942.4
2024-11-26T00:50:24.604,93017.41,93041.8,93035.51,92942.4
2024-11-26T00:50:24.624,93017.45,93041.8,93035.51,92942.4
2024-11-26T00:50:24.644,93017.46,93041.8,93035.51,92942.4
2024-11-26T00:50:24.664,93017.484,93041.8,93035.51,92942.4
2024-11-26T00:50:24.704,93017.42,93041.8,93035.51,92942.4
2024-11-26T00:50:24.724,93017.42,93041.8,93035.51,92942.4
2024-11-26T00:50:24.764,93017.42,93041.8,93035.52,92942.4
2024-11-26T00:50:24.784,93017.42,93041.8,93035.52,92942.4
2024-11-26T00:50:24.804,93017.445,93041.8,93035.19,92942.4
2024-11-26T00:50:24.824,93017.6,93041.8,93035.12,92942.4
2024-11-26T00:50:24.844,93017.61,93041.8,93035.12,92942.4
2024-11-26T00:50:24.884,93017.73,93041.8,93035.12,92942.4
2024-11-26T00:50:24.904,93017.82,93041.8,93034.63,92942.4
2024-11-26T00:50:24.924,93017.875,93041.8,93034.63,92942.4
2024-11-26T00:50:24.944,93017.9,93041.8,93034.63,92942.4
2024-11-26T00:50:24.964,93018.55,93041.8,93034.63,92942.4
2024-11-26T00:50:24.984,93018.55,93041.8,93034.63,92942.4
2024-11-26T00:50:25.064,93019.06,93041.8,93034.63,92942.4
2024-11-26T00:50:25.084,93021.11,93041.8,93035.42,92942.4
2024-11-26T00:50:25.105,93021.14,93041.8,93035.234,92942.4
2024-11-26T00:50:25.124,93021.9,93041.8,93035.29,92942.4
2024-11-26T00:50:25.145,93021.91,93041.8,93035.26,92942.4
2024-11-26T00:50:25.184,93021.91,93041.8,93035.26,92942.4
2024-11-26T00:50:25.204,93021.79,93041.8,93035.47,92942.4
2024-11-26T00:50:25.224,93022.41,93041.8,93035.47,92942.4
2024-11-26T00:50:25.244,93024.945,93041.8,93037.15,92942.4
2024-11-26T00:50:25.264,93030.33,93044.3,93038.32,92942.4
2024-11-26T00:50:25.284,93029.69,93045.1,93040.086,92942.4
2024-11-26T00:50:25.304,93029.07,93045.1,93039.91,92942.4
2024-11-26T00:50:25.324,93027.55,93045.1,93039.945,92942.4
2024-11-26T00:50:25.344,93027.55,93045.1,93039.625,92942.4
2024-11-26T00:50:25.364,93027.64,93045.1,93038.23,92942.4
2024-11-26T00:50:25.384,93029.55,93045.1,93040.78,92942.4
2024-11-26T00:50:25.404,93029.305,93045.1,93041.305,92942.4
2024-11-26T00:50:25.424,93031.06,93045.1,93041.305,92942.4
2024-11-26T00:50:25.444,93031.07,93045.1,93039.41,92942.4
2024-11-26T00:50:25.464,93031.04,93045.3,93041.27,92942.4
2024-11-26T00:50:25.484,93032.43,93046.6,93043.9,92942.4
2024-11-26T00:50:25.504,93032.375,93057.9,93052.445,92942.4
2024-11-26T00:50:25.524,93030.8,93057.9,93050.66,92942.4
2024-11-26T00:50:25.544,93032.414,93057.9,93050.53,92942.4
2024-11-26T00:50:25.564,93034.45,93057.9,93053.14,92942.4
2024-11-26T00:50:25.584,93043.34,93059.0,93055.57,92942.4
2024-11-26T00:50:25.604,93043.2,93060.3,93055.41,92942.4
2024-11-26T00:50:25.624,93040.95,93060.3,93054.98,92942.4
2024-11-26T00:50:25.644,93042.21,93061.3,93055.61,92942.4
2024-11-26T00:50:25.664,93051.64,93064.1,93062.2,92942.4
2024-11-26T00:50:25.684,93053.93,93072.7,93068.15,92942.4
2024-11-26T00:50:25.704,93054.92,93075.7,93067.836,92942.4
2024-11-26T00:50:25.724,93051.96,93076.1,93066.35,92942.4
2024-11-26T00:50:25.744,93051.49,93076.1,93061.16,92942.4
2024-11-26T00:50:25.764,93051.445,93076.1,93061.42,92942.4
2024-11-26T00:50:25.784,93052.54,93076.1,93061.58,92942.4
2024-11-26T00:50:25.804,93051.234,93076.1,93061.96,92942.4
2024-11-26T00:50:25.824,93051.65,93076.1,93061.96,92942.4
2024-11-26T00:50:25.844,93051.43,93076.1,93063.02,92942.4
2024-11-26T00:50:25.864,93053.05,93076.1,93063.234,92942.4
2024-11-26T00:50:25.884,93053.87,93076.1,93064.56,92942.4
2024-11-26T00:50:25.904,93054.125,93076.1,93064.69,92942.4
2024-11-26T00:50:25.924,93053.08,93076.1,93064.75,92942.4
2024-11-26T00:50:25.944,93054.22,93076.1,93064.76,92942.4
2024-11-26T00:50:25.964,93054.55,93076.1,93064.76,92942.4
2024-11-26T00:50:25.984,93054.91,93076.1,93065.44,92942.4
2024-11-26T00:50:26.004,93055.47,93077.8,93071.84,92942.4
2024-11-26T00:50:26.024,93055.43,93077.8,93072.96,92942.4
2024-11-26T00:50:26.044,93059.055,93077.8,93074.12,92942.4
2024-11-26T00:50:26.064,93059.98,93077.8,93074.07,92942.4
2024-11-26T00:50:26.084,93059.32,93077.8,93074.21,92942.4
2024-11-26T00:50:26.104,93059.02,93078.2,93074.95,92942.4
2024-11-26T00:50:26.124,93058.836,93078.3,93075.45,92942.4
2024-11-26T00:50:26.144,93057.77,93078.6,93075.836,92942.4
2024-11-26T00:50:26.164,93057.63,93078.6,93075.836,92942.4
2024-11-26T00:50:26.184,93058.35,93078.6,93075.81,92942.4
2024-11-26T00:50:26.204,93058.31,93078.8,93076.84,92942.4
2024-11-26T00:50:26.224,93058.305,93078.8,93076.92,92942.4
2024-11-26T00:50:26.244,93058.51,93078.8,93076.91,92942.4
2024-11-26T00:50:26.264,93059.49,93078.8,93076.81,92942.4
2024-11-26T00:50:26.284,93059.73,93078.8,93076.81,92942.4
2024-11-26T00:50:26.304,93062.2,93078.8,93076.63,92942.4
2024-11-26T00:50:26.324,93061.18,93078.8,93070.7,92942.4
2024-11-26T00:50:26.344,93058.055,93078.8,93070.336,92942.4
2024-11-26T00:50:26.364,93058.08,93078.8,93070.69,92942.4
2024-11-26T00:50:26.385,93058.805,93078.8,93070.305,92942.4
2024-11-26T00:50:26.404,93058.26,93078.8,93070.305,92942.4
2024-11-26T00:50:26.424,93057.08,93078.8,93070.305,92942.4
2024-11-26T00:50:26.444,93056.61,93078.8,93070.305,92942.4
2024-11-26T00:50:26.464,93058.05,93078.8,93070.31,92942.4
2024-11-26T00:50:26.485,93058.336,93078.8,93070.31,92942.4
2024-11-26T00:50:26.504,93056.75,93078.8,93070.27,92942.4
2024-11-26T00:50:26.524,93053.734,93078.8,93070.36,92942.4
2024-11-26T00:50:26.544,93054.164,93078.8,93070.39,92942.4
2024-11-26T00:50:26.564,93054.16,93078.8,93070.39,92942.4
2024-11-26T00:50:26.584,93054.95,93078.8,93070.39,92942.4
2024-11-26T00:50:26.604,93054.56,93078.8,93070.39,92942.4
2024-11-26T00:50:26.624,93053.72,93078.8,93070.39,92942.4
2024-11-26T00:50:26.644,93053.73,93078.8,93070.39,92942.4
2024-11-26T00:50:26.684,93052.28,93078.8,93070.39,92942.4
2024-11-26T00:50:26.704,93053.69,93078.8,93070.75,92942.4
2024-11-26T00:50:26.724,93053.74,93078.8,93070.75,92942.4
2024-11-26T00:50:26.744,93053.83,93078.8,93070.72,92942.4
2024-11-26T00:50:26.784,93053.766,93078.8,93070.72,92942.4
2024-11-26T00:50:26.804,93053.945,93078.8,93070.72,92942.4
2024-11-26T00:50:26.844,93053.945,93078.8,93070.72,92942.4
2024-11-26T00:50:26.864,93053.766,93078.8,93070.72,92942.4
2024-11-26T00:50:26.884,93053.766,93078.8,93070.72,92942.4
2024-11-26T00:50:26.924,93053.87,93078.8,93070.72,92942.4
2024-11-26T00:50:26.944,93053.83,93078.8,93070.74,92942.4
2024-11-26T00:50:26.964,93053.65,93078.8,93070.74,92942.4
2024-11-26T00:50:26.984,93053.625,93078.8,93070.74,92942.4
2024-11-26T00:50:27.004,93053.56,93078.8,93070.74,92942.4
2024-11-26T00:50:27.044,93053.49,93078.8,93070.69,92942.4
2024-11-26T00:50:27.065,93053.46,93078.8,93070.63,92942.4
2024-11-26T00:50:27.084,93053.625,93078.8,93070.63,92942.4
2024-11-26T00:50:27.104,93053.625,93078.8,93070.63,92942.4
2024-11-26T00:50:27.124,93054.64,93078.8,93070.63,92942.4
2024-11-26T00:50:27.184,93054.64,93078.8,93070.69,92942.4
2024-11-26T00:50:27.204,93055.53,93078.8,93070.67,92942.4
2024-11-26T00:50:27.224,93055.53,93078.8,93070.69,92942.4
2024-11-26T00:50:27.244,93055.63,93078.8,93070.79,92942.4
2024-11-26T00:50:27.264,93055.63,93078.8,93070.586,92942.4
2024-11-26T00:50:27.304,93055.83,93078.8,93070.586,92942.4
2024-11-26T00:50:27.364,93055.85,93078.8,93070.586,92942.4
2024-11-26T00:50:27.384,93055.805,93078.8,93070.586,92942.4
2024-11-26T00:50:27.404,93055.66,93078.8,93070.586,92942.4
2024-11-26T00:50:27.424,93060.16,93078.8,93071.39,92942.4
2024-11-26T00:50:27.444,93054.89,93078.8,93071.29,92942.4
2024-11-26T00:50:27.484,93051.336,93078.8,93064.32,92942.4
2024-11-26T00:50:27.504,93051.266,93078.8,93062.516,92942.4
2024-11-26T00:50:27.524,93051.25,93078.8,93062.46,92942.4
2024-11-26T00:50:27.544,93050.86,93078.8,93062.48,92942.4
2024-11-26T00:50:27.565,93044.086,93078.8,93055.445,92942.4
2024-11-26T00:50:27.584,93038.12,93078.8,93052.13,92942.4
2024-11-26T00:50:27.604,93035.55,93078.8,93047.86,92942.4
2024-11-26T00:50:27.624,93036.125,93078.8,93045.766,92942.4
2024-11-26T00:50:27.644,93035.64,93078.8,93045.875,92942.4
2024-11-26T00:50:27.664,93035.77,93078.8,93046.2,92942.4
2024-11-26T00:50:27.684,93035.82,93078.8,93046.4,92942.4
2024-11-26T00:50:27.704,93034.33,93078.8,93046.445,92942.4
2024-11-26T00:50:27.724,93036.04,93078.8,93049.1,92942.4
2024-11-26T00:50:27.744,93036.39,93078.8,93050.33,92942.4
2024-11-26T00:50:27.764,93035.99,93078.8,93055.805,92942.4
2024-11-26T00:50:27.784,93036.01,93078.8,93055.82,92942.4
2024-11-26T00:50:27.804,93039.99,93078.8,93057.79,92942.4
2024-11-26T00:50:27.824,93043.19,93078.8,93058.055,92942.4
2024-11-26T00:50:27.844,93041.875,93078.8,93060.766,92942.4
2024-11-26T00:50:27.864,93042.71,93078.8,93061.44,92942.4
2024-11-26T00:50:27.884,93049.69,93078.8,93065.08,92942.4
2024-11-26T00:50:27.904,93051.445,93078.8,93065.8,92942.4
2024-11-26T00:50:27.924,93048.664,93078.8,93065.695,92942.4
2024-11-26T00:50:27.944,93047.92,93078.8,93066.086,92942.4
2024-11-26T00:50:27.964,93048.44,93078.8,93065.37,92942.4
2024-11-26T00:50:27.984,93051.68,93078.8,93070.39,92942.4
2024-11-26T00:50:28.004,93052.04,93078.8,93073.65,92942.4
2024-11-26T00:50:28.024,93053.73,93078.8,93072.4,92942.4
2024-11-26T00:50:28.044,93057.766,93078.8,93069.125,92942.4
2024-11-26T00:50:28.064,93057.016,93078.8,93072.91,92942.4
2024-11-26T00:50:28.084,93056.836,93078.8,93074.64,92942.4
2024-11-26T00:50:28.104,93055.625,93078.8,93074.734,92942.4
2024-11-26T00:50:28.124,93054.88,93078.8,93074.78,92942.4
2024-11-26T00:50:28.144,93054.6,93078.8,93074.77,92942.4
2024-11-26T00:50:28.164,93054.83,93078.8,93074.8,92942.4
2024-11-26T00:50:28.184,93055.836,93079.1,93074.92,92942.4
2024-11-26T00:50:28.204,93055.35,93079.1,93074.92,92942.4
2024-11-26T00:50:28.224,93055.07,93080.0,93075.01,92942.4
2024-11-26T00:50:28.244,93055.6,93080.0,93075.0,92942.4
2024-11-26T00:50:28.264,93057.14,93080.0,93075.18,92942.4
2024-11-26T00:50:28.284,93058.94,93080.0,93075.12,92942.4
2024-11-26T00:50:28.304,93057.984,93080.0,93075.12,92942.4
2024-11-26T00:50:28.324,93058.57,93080.0,93075.3,92942.4
2024-11-26T00:50:28.344,93057.86,93080.0,93074.72,92942.4
2024-11-26T00:50:28.364,93057.66,93080.0,93074.48,92942.4
2024-11-26T00:50:28.384,93058.414,93080.0,93069.36,92942.4
2024-11-26T00:50:28.404,93058.75,93080.0,93069.3,92942.4
2024-11-26T00:50:28.444,93058.39,93080.0,93069.3,92942.4
2024-11-26T00:50:28.464,93058.59,93080.0,93069.305,92942.4
2024-11-26T00:50:28.484,93058.73,93080.0,93069.305,92942.4
2024-11-26T00:50:28.504,93059.55,93080.0,93069.305,92942.4
2024-11-26T00:50:28.524,93059.53,93080.0,93069.305,92942.4
2024-11-26T00:50:28.544,93059.5,93080.0,93069.305,92942.4
2024-11-26T00:50:28.564,93059.52,93080.0,93069.305,92942.4
2024-11-26T00:50:28.584,93059.9,93080.0,93069.305,92942.4
2024-11-26T00:50:28.604,93059.62,93080.0,93069.3,92942.4
2024-11-26T00:50:28.624,93061.0,93080.0,93069.3,92942.4
2024-11-26T00:50:28.644,93061.375,93080.0,93069.3,92942.4
2024-11-26T00:50:28.664,93060.26,93080.0,93069.29,92942.4
2024-11-26T00:50:28.684,93056.445,93080.0,93069.03,92942.4
2024-11-26T00:50:28.704,93054.61,93080.0,93069.58,92942.4
2024-11-26T00:50:28.724,93054.7,93080.0,93069.58,92942.4
2024-11-26T00:50:28.744,93048.695,93080.0,93067.48,92942.4
2024-11-26T00:50:28.764,93047.32,93080.0,93062.0,92942.4
2024-11-26T00:50:28.784,93048.6,93080.0,93062.39,92942.4
2024-11-26T00:50:28.804,93048.62,93080.0,93062.32,92942.4
2024-11-26T00:50:28.824,93048.79,93080.0,93062.32,92942.4
2024-11-26T00:50:28.844,93048.79,93080.0,93062.29,92942.4
2024-11-26T00:50:28.864,93048.82,93080.0,93062.3,92942.4
2024-11-26T00:50:28.884,93049.27,93080.0,93062.29,92942.4
2024-11-26T00:50:28.904,93049.37,93080.0,93063.15,92942.4
2024-11-26T00:50:28.924,93048.91,93080.0,93063.086,92942.4
2024-11-26T00:50:28.944,93048.26,93080.0,93063.06,92942.4
2024-11-26T00:50:28.964,93047.98,93080.0,93063.08,92942.4
2024-11-26T00:50:28.985,93047.98,93080.0,93063.086,92942.4
2024-11-26T00:50:29.004,93048.625,93080.0,93063.086,92942.4
2024-11-26T00:50:29.024,93049.664,93080.0,93063.33,92942.4
2024-11-26T00:50:29.045,93049.68,93080.0,93063.32,92942.4
2024-11-26T00:50:29.064,93044.734,93080.0,93059.086,92942.4
2024-11-26T00:50:29.084,93042.83,93080.0,93060.125,92942.4
2024-11-26T00:50:29.105,93040.65,93080.0,93057.36,92942.4
2024-11-26T00:50:29.124,93039.94,93080.0,93060.17,92942.4
2024-11-26T00:50:29.144,93039.82,93080.0,93062.84,92942.4
2024-11-26T00:50:29.164,93040.29,93080.0,93058.195,92942.4
2024-11-26T00:50:29.184,93037.74,93080.0,93053.94,92942.4
2024-11-26T00:50:29.204,93036.766,93080.0,93053.13,92942.4
2024-11-26T00:50:29.224,93036.414,93080.0,93052.95,92942.4
2024-11-26T00:50:29.244,93036.18,93080.0,93052.39,92942.4
2024-11-26T00:50:29.264,93035.03,93080.0,93051.63,92942.4
2024-11-26T00:50:29.284,93035.016,93080.0,93052.67,92942.4
2024-11-26T00:50:29.305,93035.266,93080.0,93051.17,92942.4
2024-11-26T00:50:29.324,93035.266,93080.0,93051.58,92942.4
2024-11-26T00:50:29.344,93036.734,93080.0,93054.016,92942.4
2024-11-26T00:50:29.364,93036.26,93080.0,93054.41,92942.4
2024-11-26T00:50:29.384,93036.26,93080.0,93054.49,92942.4
2024-11-26T00:50:29.404,93036.016,93080.0,93054.97,92942.4
2024-11-26T00:50:29.424,93036.05,93080.0,93055.055,92942.4
2024-11-26T00:50:29.444,93036.03,93080.0,93055.04,92942.4
2024-11-26T00:50:29.484,93036.03,93080.0,93055.055,92942.4
2024-11-26T00:50:29.504,93041.04,93080.0,93055.06,92942.4
2024-11-26T00:50:29.524,93041.44,93080.0,93054.37,92942.4
2024-11-26T00:50:29.544,93041.914,93080.0,93054.36,92942.4
2024-11-26T00:50:29.564,93041.914,93080.0,93054.36,92942.4
2024-11-26T00:50:29.584,93041.6,93080.0,93055.305,92942.4
2024-11-26T00:50:29.604,93041.44,93080.0,93055.3,92942.4
2024-11-26T00:50:29.624,93041.44,93080.0,93055.3,92942.4
2024-11-26T00:50:29.644,93041.44,93080.0,93055.305,92942.4
2024-11-26T00:50:29.664,93041.5,93080.0,93055.305,92942.4
2024-11-26T00:50:29.704,93041.24,93080.0,93055.375,92942.4
2024-11-26T00:50:29.724,93041.24,93080.0,93055.38,92942.4
2024-11-26T00:50:29.744,93041.24,93080.0,93055.38,92942.4
2024-11-26T00:50:29.764,93041.484,93080.0,93055.39,92942.4
2024-11-26T00:50:29.804,93041.484,93080.0,93055.43,92942.4
2024-11-26T00:50:29.844,93041.484,93080.0,93055.37,92942.4
2024-11-26T00:50:29.864,93041.49,93080.0,93055.57,92942.4
2024-11-26T00:50:29.884,93041.55,93080.0,93056.69,92942.4
2024-11-26T00:50:29.904,93041.25,93080.0,93056.67,92942.4
2024-11-26T00:50:29.924,93043.68,93080.0,93056.6,92942.4
2024-11-26T00:50:29.944,93049.766,93080.0,93057.99,92942.4
2024-11-26T00:50:29.964,93050.49,93080.0,93057.64,92942.4
2024-11-26T00:50:29.984,93045.7,93080.0,93057.53,92942.4
2024-11-26T00:50:30.004,93046.52,93080.0,93057.62,92942.4
2024-11-26T00:50:30.024,93046.04,93080.0,93058.12,92942.4
2024-11-26T00:50:30.044,93050.164,93080.0,93058.734,92942.4
2024-11-26T00:50:30.065,93050.84,93080.0,93058.734,92942.4
2024-11-26T00:50:30.084,93052.03,93080.0,93058.66,92942.4
2024-11-26T00:50:30.104,93051.97,93080.0,93060.93,92942.4
2024-11-26T00:50:30.124,93052.0,93080.0,93060.92,92942.4
2024-11-26T00:50:30.144,93051.89,93080.0,93060.086,92942.4
2024-11-26T00:50:30.165,93051.91,93080.0,93060.88,92942.4
2024-11-26T00:50:30.204,93051.875,93080.0,93061.53,92942.4
2024-11-26T00:50:30.224,93050.9,93080.0,93060.23,92942.4
2024-11-26T00:50:30.244,93050.44,93080.0,93060.45,92942.4
2024-11-26T00:50:30.264,93050.695,93080.0,93060.734,92942.4
2024-11-26T00:50:30.284,93050.66,93080.0,93061.82,92942.4
2024-11-26T00:50:30.305,93050.555,93080.0,93061.97,92942.4
2024-11-26T00:50:30.325,93050.79,93080.0,93062.016,92942.4
2024-11-26T00:50:30.344,93050.71,93080.0,93062.016,92942.4
2024-11-26T00:50:30.364,93050.76,93080.0,93062.016,92942.4
2024-11-26T00:50:30.405,93050.76,93080.0,93061.91,92942.4
2024-11-26T00:50:30.445,93050.75,93080.0,93061.91,92942.4
2024-11-26T00:50:30.464,93050.75,93080.0,93061.91,92942.4
2024-11-26T00:50:30.484,93050.734,93080.0,93061.91,92942.4
2024-11-26T00:50:30.504,93050.75,93080.0,93061.91,92942.4
2024-11-26T00:50:30.584,93050.76,93080.0,93061.9,92942.4
2024-11-26T00:50:30.604,93050.75,93080.0,93061.96,92942.4
2024-11-26T00:50:30.664,93050.75,93080.0,93061.94,92942.4
2024-11-26T00:50:30.684,93050.98,93080.0,93061.94,92942.4
2024-11-26T00:50:30.704,93051.0,93080.0,93061.94,92942.4
2024-11-26T00:50:30.784,93051.0,93080.0,93061.945,92942.4
2024-11-26T00:50:30.804,93051.016,93080.0,93061.945,92942.4
2024-11-26T00:50:30.864,93051.016,93080.0,93061.945,92942.4
2024-11-26T00:50:30.885,93050.79,93080.0,93062.016,92942.4
2024-11-26T00:50:30.904,93050.766,93080.0,93062.016,92942.4
2024-11-26T00:50:30.924,93050.77,93080.0,93062.016,92942.4
2024-11-26T00:50:30.965,93050.67,93080.0,93062.016,92942.4
2024-11-26T00:50:31.004,93050.58,93080.0,93062.016,92942.4
2024-11-26T00:50:31.025,93050.8,93080.0,93062.016,92942.4
2024-11-26T00:50:31.044,93050.81,93080.0,93062.016,92942.4
2024-11-26T00:50:31.084,93050.586,93080.0,93062.016,92942.4
2024-11-26T00:50:31.104,93050.555,93080.0,93062.016,92942.4
2024-11-26T00:50:31.145,93050.56,93080.0,93062.01,92942.4
2024-11-26T00:50:31.185,93050.56,93080.0,93061.89,92942.4
2024-11-26T00:50:31.244,93050.58,93080.0,93061.89,92942.4
2024-11-26T00:50:31.264,93050.83,93080.0,93061.89,92942.4
2024-11-26T00:50:31.285,93050.86,93080.0,93061.57,92942.4
2024-11-26T00:50:31.344,93050.83,93080.0,93061.57,92942.4
2024-11-26T00:50:31.364,93049.234,93080.0,93061.17,92942.4
2024-11-26T00:50:31.384,93048.53,93080.0,93062.31,92942.4
2024-11-26T00:50:31.404,93048.016,93080.0,93062.336,92942.4
2024-11-26T00:50:31.425,93048.08,93080.0,93062.46,92942.4
2024-11-26T00:50:31.444,93048.08,93080.0,93062.38,92942.4
2024-11-26T00:50:31.464,93043.586,93080.0,93057.31,92942.4
2024-11-26T00:50:31.484,93042.67,93080.0,93056.62,92942.4
2024-11-26T00:50:31.504,93043.805,93080.0,93054.82,92942.4
2024-11-26T00:50:31.524,93042.32,93080.0,93053.48,92942.4
2024-11-26T00:50:31.544,93042.445,93080.0,93054.7,92942.4
2024-11-26T00:50:31.564,93044.3,93080.0,93056.125,92942.4
2024-11-26T00:50:31.584,93040.75,93080.0,93053.805,92942.4
2024-11-26T00:50:31.604,93040.76,93080.0,93054.62,92942.4
2024-11-26T00:50:31.624,93040.586,93080.0,93054.28,92942.4
2024-11-26T00:50:31.644,93040.586,93080.0,93053.93,92942.4
2024-11-26T00:50:31.664,93040.96,93080.0,93053.77,92942.4
2024-11-26T00:50:31.684,93043.25,93080.0,93053.305,92942.4
2024-11-26T00:50:31.704,93044.086,93080.0,93055.93,92942.4
2024-11-26T00:50:31.724,93044.01,93080.0,93057.38,92942.4
2024-11-26T00:50:31.744,93047.7,93080.0,93058.31,92942.4
2024-11-26T00:50:31.764,93047.56,93080.0,93058.3,92942.4
2024-11-26T00:50:31.784,93048.055,93080.0,93058.61,92942.4
2024-11-26T00:50:31.804,93047.87,93080.0,93058.82,92942.4
2024-11-26T00:50:31.824,93046.65,93080.0,93060.03,92942.4
2024-11-26T00:50:31.844,93047.23,93080.0,93059.234,92942.4
2024-11-26T00:50:31.864,93047.86,93080.0,93059.266,92942.4
2024-11-26T00:50:31.884,93047.86,93080.0,93059.234,92942.4
2024-11-26T00:50:31.904,93049.984,93080.0,93060.15,92942.4
2024-11-26T00:50:31.924,93047.64,93080.0,93059.98,92942.4
2024-11-26T00:50:31.944,93046.27,93080.0,93060.15,92942.4
2024-11-26T00:50:31.964,93045.875,93080.0,93058.84,92942.4
2024-11-26T00:50:31.984,93045.87,93080.0,93057.36,92942.4
2024-11-26T00:50:32.004,93045.83,93080.0,93057.516,92942.4
2024-11-26T00:50:32.024,93043.06,93080.0,93054.78,92942.4
2024-11-26T00:50:32.044,93042.234,93080.0,93054.88,92942.4
2024-11-26T00:50:32.064,93044.52,93080.0,93054.68,92942.4
2024-11-26T00:50:32.084,93041.69,93080.0,93054.93,92942.4
2024-11-26T00:50:32.104,93043.02,93080.0,93055.555,92942.4
2024-11-26T00:50:32.124,93044.11,93080.0,93055.69,92942.4
2024-11-26T00:50:32.144,93045.695,93080.0,93055.78,92942.4
2024-11-26T00:50:32.164,93045.43,93080.0,93055.664,92942.4
2024-11-26T00:50:32.185,93045.445,93080.0,93054.984,92942.4
2024-11-26T00:50:32.204,93045.34,93080.0,93054.96,92942.4
2024-11-26T00:50:32.224,93045.34,93080.0,93054.98,92942.4
2024-11-26T00:50:32.245,93045.35,93080.0,93054.375,92942.4
2024-11-26T00:50:32.264,93045.35,93080.0,93054.38,92942.4
2024-11-26T00:50:32.284,93045.35,93080.0,93054.33,92942.4
2024-11-26T00:50:32.304,93045.35,93080.0,93054.66,92942.4
2024-11-26T00:50:32.404,93043.125,93080.0,93054.805,92942.4
2024-11-26T00:50:32.424,93043.055,93080.0,93054.695,92942.4
2024-11-26T00:50:32.444,93043.055,93080.0,93054.69,92942.4
2024-11-26T00:50:32.524,93043.055,93080.0,93054.69,92942.4
2024-11-26T00:50:32.544,93043.375,93080.0,93054.68,92942.4
2024-11-26T00:50:32.664,93038.6,93080.0,93050.82,92942.4
2024-11-26T00:50:32.69,93038.36,93080.0,93050.95,92942.4
2024-11-26T00:50:32.704,93037.43,93080.0,93046.95,92942.4
2024-11-26T00:50:32.724,93039.24,93080.0,93048.92,92942.4
2024-11-26T00:50:32.744,93038.66,93080.0,93049.72,92942.4
2024-11-26T00:50:32.764,93038.53,93080.0,93049.63,92942.4
2024-11-26T00:50:32.784,93038.65,93080.0,93049.63,92942.4
2024-11-26T00:50:32.804,93038.875,93080.0,93049.62,92942.4
2024-11-26T00:50:32.824,93038.984,93080.0,93047.82,92942.4
2024-11-26T00:50:32.844,93037.92,93080.0,93048.5,92942.4
2024-11-26T00:50:32.864,93038.06,93080.0,93047.95,92942.4
2024-11-26T00:50:32.885,93038.08,93080.0,93047.99,92942.4
2024-11-26T00:50:32.904,93037.98,93080.0,93048.04,92942.4
2024-11-26T00:50:32.924,93037.86,93080.0,93048.02,92942.4
2024-11-26T00:50:32.944,93036.48,93080.0,93047.97,92942.4
2024-11-26T00:50:32.964,93036.51,93080.0,93048.06,92942.4
2024-11-26T00:50:32.984,93036.55,93080.0,93048.305,92942.4
2024-11-26T00:50:33.004,93036.41,93080.0,93047.625,92942.4
2024-11-26T00:50:33.024,93036.42,93080.0,93047.66,92942.4
2024-11-26T00:50:33.044,93036.42,93080.0,93047.24,92942.4
2024-11-26T00:50:33.064,93036.41,93080.0,93046.78,92942.4
2024-11-26T00:50:33.084,93036.36,93080.0,93046.766,92942.4
2024-11-26T00:50:33.124,93036.375,93080.0,93046.766,92942.4
2024-11-26T00:50:33.144,93036.4,93080.0,93046.77,92942.4
2024-11-26T00:50:33.164,93036.38,93080.0,93046.91,92942.4
2024-11-26T00:50:33.185,93036.38,93080.0,93045.82,92942.4
2024-11-26T00:50:33.204,93036.38,93080.0,93045.7,92942.4
2024-11-26T00:50:33.245,93036.38,93080.0,93045.984,92942.4
2024-11-26T00:50:33.264,93036.38,93080.0,93045.88,92942.4
2024-11-26T00:50:33.284,93036.34,93080.0,93045.88,92942.4
2024-11-26T00:50:33.304,93036.34,93080.0,93045.88,92942.4
2024-11-26T00:50:33.324,93036.34,93080.0,93045.89,92942.4
2024-11-26T00:50:33.345,93036.34,93080.0,93045.88,92942.4
2024-11-26T00:50:33.364,93036.04,93080.0,93045.88,92942.4
2024-11-26T00:50:33.405,93036.03,93080.0,93045.88,92942.4
2024-11-26T00:50:33.424,93036.03,93080.0,93045.88,92942.4
2024-11-26T00:50:33.444,93036.03,93080.0,93045.88,92942.4
2024-11-26T00:50:33.464,93036.03,93080.0,93045.87,92942.4
2024-11-26T00:50:33.484,93036.03,93080.0,93045.85,92942.4
2024-11-26T00:50:33.504,93033.09,93080.0,93045.85,92942.4
2024-11-26T00:50:33.524,93033.09,93080.0,93045.85,92942.4
2024-11-26T00:50:33.544,93028.98,93080.0,93041.57,92942.4
2024-11-26T00:50:33.564,93028.1,93080.0,93042.27,92942.4
2024-11-26T00:50:33.584,93027.21,93080.0,93040.17,92942.4
2024-11-26T00:50:33.604,93027.72,93080.0,93040.57,92942.4
2024-11-26T00:50:33.624,93029.27,93080.0,93040.33,92942.4
2024-11-26T00:50:33.644,93028.945,93080.0,93038.78,92942.4
2024-11-26T00:50:33.664,93028.32,93080.0,93039.86,92942.4
2024-11-26T00:50:33.684,93026.11,93080.0,93039.766,92942.4
2024-11-26T00:50:33.704,93026.51,93080.0,93039.79,92942.4
2024-11-26T00:50:33.724,93026.31,93080.0,93039.79,92942.4
2024-11-26T00:50:33.744,93026.26,93080.0,93039.305,92942.4
2024-11-26T00:50:33.764,93026.29,93080.0,93039.39,92942.4
2024-11-26T00:50:33.784,93026.336,93080.0,93039.46,92942.4
2024-11-26T00:50:33.804,93026.336,93080.0,93039.47,92942.4
2024-11-26T00:50:33.824,93026.47,93080.0,93039.38,92942.4
2024-11-26T00:50:33.844,93026.37,93080.0,93039.58,92942.4
2024-11-26T00:50:33.864,93026.32,93080.0,93039.555,92942.4
2024-11-26T00:50:33.884,93026.375,93080.0,93039.25,92942.4
2024-11-26T00:50:33.904,93027.516,93080.0,93039.266,92942.4
2024-11-26T00:50:33.924,93025.36,93080.0,93040.9,92942.4
2024-11-26T00:50:33.944,93026.92,93080.0,93040.42,92942.4
2024-11-26T00:50:33.965,93026.11,93080.0,93040.5,92942.4
2024-11-26T00:50:33.984,93025.164,93080.0,93041.09,92942.4
2024-11-26T00:50:34.004,93025.2,93080.0,93041.18,92942.4
2024-11-26T00:50:34.024,93025.2,93080.0,93041.164,92942.4
2024-11-26T00:50:34.064,93025.2,93080.0,93041.15,92942.4
2024-11-26T00:50:34.104,93025.02,93080.0,93041.15,92942.4
2024-11-26T00:50:34.124,93025.01,93080.0,93041.26,92942.4
2024-11-26T00:50:34.144,93024.18,93080.0,93041.21,92942.4
2024-11-26T00:50:34.164,93024.18,93080.0,93041.266,92942.4
2024-11-26T00:50:34.184,93024.18,93080.0,93039.01,92942.4
2024-11-26T00:50:34.204,93024.086,93080.0,93038.98,92942.4
2024-11-26T00:50:34.224,93024.055,93080.0,93038.96,92942.4
2024-11-26T00:50:34.244,93023.86,93080.0,93038.77,92942.4
2024-11-26T00:50:34.264,93024.12,93080.0,93038.734,92942.4
2024-11-26T00:50:34.284,93024.12,93080.0,93038.75,92942.4
2024-11-26T00:50:34.344,93024.12,93080.0,93038.76,92942.4
2024-11-26T00:50:34.404,93024.97,93080.0,93038.734,92942.4
2024-11-26T00:50:34.464,93024.91,93080.0,93038.76,92942.4
2024-11-26T00:50:34.504,93024.91,93080.0,93038.77,92942.4
2024-11-26T00:50:34.544,93024.125,93080.0,93038.93,92942.4
2024-11-26T00:50:34.564,93024.375,93080.0,93038.99,92942.4
2024-11-26T00:50:34.584,93024.32,93080.0,93038.99,92942.4
2024-11-26T00:50:34.604,93024.32,93080.0,93039.01,92942.4
2024-11-26T00:50:34.624,93024.07,93080.0,93039.01,92942.4
2024-11-26T00:50:34.664,93024.7,93080.0,93039.01,92942.4
2024-11-26T00:50:34.684,93024.7,93080.0,93039.01,92942.4
2024-11-26T00:50:34.724,93024.73,93080.0,93039.01,92942.4
2024-11-26T00:50:34.744,93024.71,93080.0,93039.01,92942.4
2024-11-26T00:50:34.764,93024.91,93080.0,93039.01,92942.4
2024-11-26T00:50:34.804,93024.91,93080.0,93039.01,92942.4
2024-11-26T00:50:34.824,93024.98,93080.0,93039.01,92942.4
2024-11-26T00:50:34.844,93024.71,93080.0,93039.03,92942.4
2024-11-26T00:50:34.864,93024.93,93080.0,93039.03,92942.4
2024-11-26T00:50:34.884,93026.875,93080.0,93038.86,92942.4
2024-11-26T00:50:34.904,93027.28,93080.0,93039.016,92942.4
2024-11-26T00:50:34.924,93027.234,93080.0,93038.97,92942.4
2024-11-26T00:50:34.944,93025.88,93080.0,93038.914,92942.4
2024-11-26T00:50:34.964,93025.664,93080.0,93038.914,92942.4
2024-11-26T00:50:34.985,93025.88,93080.0,93038.9,92942.4
2024-11-26T00:50:35.004,93030.05,93080.0,93040.76,92942.4
2024-11-26T00:50:35.024,93031.69,93080.0,93042.16,92942.4
2024-11-26T00:50:35.044,93032.95,93080.0,93053.555,92942.4
2024-11-26T00:50:35.064,93038.69,93080.0,93056.51,92942.4
2024-11-26T00:50:35.085,93043.88,93080.0,93055.41,92942.4
2024-11-26T00:50:35.104,93050.16,93080.0,93062.16,92942.4
2024-11-26T00:50:35.124,93050.41,93080.0,93066.47,92942.4
2024-11-26T00:50:35.144,93055.06,93080.0,93068.39,92942.4
2024-11-26T00:50:35.164,93058.195,93080.0,93071.17,92942.4
2024-11-26T00:50:35.184,93055.266,93080.0,93070.63,92942.4
2024-11-26T00:50:35.204,93055.625,93080.0,93070.9,92942.4
2024-11-26T00:50:35.224,93059.78,93080.0,93072.41,92942.4
2024-11-26T00:50:35.244,93057.76,93080.0,93069.2,92942.4
2024-11-26T00:50:35.264,93058.76,93080.0,93073.07,92942.4
2024-11-26T00:50:35.284,93060.234,93080.0,93072.305,92942.4
2024-11-26T00:50:35.304,93057.93,93080.0,93072.07,92942.4
2024-11-26T00:50:35.324,93059.99,93080.0,93074.77,92942.4
2024-11-26T00:50:35.344,93059.84,93081.7,93075.734,92942.4
2024-11-26T00:50:35.364,93062.87,93082.7,93078.01,92942.4
2024-11-26T00:50:35.384,93062.78,93083.0,93078.34,92942.4
2024-11-26T00:50:35.404,93070.6,93084.9,93081.58,92942.4
2024-11-26T00:50:35.424,93069.91,93086.0,93082.125,92942.4
2024-11-26T00:50:35.444,93068.24,93086.4,93081.81,92942.4
2024-11-26T00:50:35.464,93067.734,93086.5,93081.85,92942.4
2024-11-26T00:50:35.484,93067.03,93086.5,93081.89,92942.4
2024-11-26T00:50:35.504,93066.91,93087.8,93081.516,92942.4
2024-11-26T00:50:35.524,93067.02,93087.8,93081.56,92942.4
2024-11-26T00:50:35.544,93072.26,93089.3,93086.34,92942.4
2024-11-26T00:50:35.564,93074.805,93093.3,93089.375,92942.4
2024-11-26T00:50:35.584,93075.17,93095.2,93090.29,92942.4
2024-11-26T00:50:35.604,93076.086,93097.7,93092.055,92942.4
2024-11-26T00:50:35.624,93075.94,93097.8,93092.41,92942.4
2024-11-26T00:50:35.644,93074.66,93098.4,93092.586,92942.4
2024-11-26T00:50:35.664,93074.55,93099.3,93093.7,92942.4
2024-11-26T00:50:35.684,93079.74,93101.3,93097.36,92942.4
2024-11-26T00:50:35.704,93080.73,93101.8,93096.96,92942.4
2024-11-26T00:50:35.724,93080.68,93101.9,93096.41,92942.4
2024-11-26T00:50:35.744,93079.66,93101.9,93096.38,92942.4
2024-11-26T00:50:35.764,93079.74,93101.9,93096.38,92942.4
2024-11-26T00:50:35.784,93080.13,93102.5,93096.51,92942.4
2024-11-26T00:50:35.804,93079.86,93102.9,93096.57,92942.4
2024-11-26T00:50:35.824,93079.625,93102.9,93096.66,92942.4
2024-11-26T00:50:35.844,93079.35,93102.9,93096.625,92942.4
2024-11-26T00:50:35.864,93077.96,93102.9,93096.72,92942.4
2024-11-26T00:50:35.884,93079.086,93103.7,93097.77,92942.4
2024-11-26T00:50:35.904,93079.375,93103.7,93098.09,92942.4
2024-11-26T00:50:35.924,93079.43,93103.7,93098.09,92942.4
2024-11-26T00:50:35.944,93079.59,93103.7,93098.09,92942.4
2024-11-26T00:50:35.964,93085.875,93105.9,93102.234,92942.4
2024-11-26T00:50:35.984,93087.48,93107.8,93104.53,92942.4
2024-11-26T00:50:36.004,93090.11,93109.0,93104.73,92942.4
2024-11-26T00:50:36.024,93088.61,93109.1,93104.88,92942.4
2024-11-26T00:50:36.044,93088.61,93109.1,93104.83,92942.4
2024-11-26T00:50:36.064,93088.34,93109.1,93104.83,92942.4
2024-11-26T00:50:36.084,93089.39,93110.1,93106.36,92942.4
2024-11-26T00:50:36.104,93093.61,93110.7,93106.42,92942.4
2024-11-26T00:50:36.124,93093.234,93113.3,93107.586,92942.4
2024-11-26T00:50:36.144,93096.516,93115.0,93108.32,92942.4
2024-11-26T00:50:36.164,93094.805,93115.2,93108.32,92942.4
2024-11-26T00:50:36.184,93094.58,93115.4,93109.96,92942.4
2024-11-26T00:50:36.204,93093.73,93115.6,93110.31,92942.4
2024-11-26T00:50:36.224,93094.97,93115.7,93110.97,92942.4
2024-11-26T00:50:36.244,93094.96,93115.7,93110.305,92942.4
2024-11-26T00:50:36.264,93098.44,93115.7,93111.17,92942.4
2024-11-26T00:50:36.284,93096.445,93115.7,93112.08,92942.4
2024-11-26T00:50:36.304,93096.055,93115.7,93112.08,92942.4
2024-11-26T00:50:36.324,93096.08,93115.7,93112.08,92942.4
2024-11-26T00:50:36.344,93096.03,93115.9,93112.09,92942.4
2024-11-26T00:50:36.364,93096.0,93115.9,93112.375,92942.4
2024-11-26T00:50:36.384,93095.95,93116.0,93112.336,92942.4
2024-11-26T00:50:36.404,93095.98,93116.0,93112.34,92942.4
2024-11-26T00:50:36.424,93096.02,93116.1,93112.46,92942.4
2024-11-26T00:50:36.444,93096.055,93116.1,93112.46,92942.4
2024-11-26T00:50:36.464,93096.16,93116.1,93112.46,92942.4
2024-11-26T00:50:36.484,93096.234,93116.1,93112.47,92942.4
2024-11-26T00:50:36.504,93096.234,93116.1,93112.68,92942.4
2024-11-26T00:50:36.524,93096.62,93116.1,93112.57,92942.4
2024-11-26T00:50:36.544,93096.59,93116.1,93112.57,92942.4
2024-11-26T00:50:36.564,93096.59,93116.1,93112.56,92942.4
2024-11-26T00:50:36.584,93096.59,93116.1,93112.695,92942.4
2024-11-26T00:50:36.604,93096.42,93116.1,93112.484,92942.4
2024-11-26T00:50:36.624,93096.42,93116.1,93112.46,92942.4
2024-11-26T00:50:36.644,93096.4,93116.1,93112.46,92942.4
2024-11-26T00:50:36.664,93096.41,93116.1,93112.57,92942.4
2024-11-26T00:50:36.684,93100.57,93117.0,93113.94,92942.4
2024-11-26T00:50:36.704,93100.05,93117.0,93113.45,92942.4
2024-11-26T00:50:36.724,93099.016,93117.0,93113.5,92942.4
2024-11-26T00:50:36.744,93098.93,93117.0,93113.5,92942.4
2024-11-26T00:50:36.764,93099.914,93117.0,93113.5,92942.4
2024-11-26T00:50:36.784,93100.29,93117.0,93113.5,92942.4
2024-11-26T00:50:36.804,93100.28,93117.0,93113.5,92942.4
2024-11-26T00:50:36.844,93101.08,93117.1,93114.18,92942.4
2024-11-26T00:50:36.864,93100.7,93117.1,93114.24,92942.4
2024-11-26T00:50:36.884,93101.02,93117.1,93114.35,92942.4
2024-11-26T00:50:36.924,93100.94,93117.1,93114.35,92942.4
2024-11-26T00:50:36.944,93100.94,93117.1,93113.9,92942.4
2024-11-26T00:50:36.964,93100.234,93117.1,93113.47,92942.4
2024-11-26T00:50:36.984,93100.16,93117.1,93112.3,92942.4
2024-11-26T00:50:37.004,93099.91,93117.1,93111.77,92942.4
2024-11-26T00:50:37.024,93099.91,93117.1,93111.78,92942.4
2024-11-26T00:50:37.044,93099.97,93117.1,93111.78,92942.4
2024-11-26T00:50:37.064,93087.85,93117.1,93100.14,92942.4
2024-11-26T00:50:37.084,93085.04,93117.1,93097.37,92942.4
2024-11-26T00:50:37.104,93081.14,93117.1,93096.85,92942.4
2024-11-26T00:50:37.124,93082.88,93117.1,93096.15,92942.4
2024-11-26T00:50:37.144,93091.9,93117.1,93107.07,92942.4
2024-11-26T00:50:37.164,93095.81,93117.1,93108.76,92942.4
2024-11-26T00:50:37.184,93087.52,93117.1,93106.85,92942.4
2024-11-26T00:50:37.204,93090.37,93117.1,93107.79,92942.4
2024-11-26T00:50:37.224,93094.586,93117.1,93108.81,92942.4
2024-11-26T00:50:37.244,93095.94,93118.7,93108.484,92942.4
2024-11-26T00:50:37.264,93097.04,93118.7,93113.27,92942.4
2024-11-26T00:50:37.284,93099.016,93118.7,93113.984,92942.4
2024-11-26T00:50:37.304,93096.65,93118.7,93109.64,92942.4
2024-11-26T00:50:37.324,93094.57,93118.7,93107.9,92942.4
2024-11-26T00:50:37.344,93093.05,93118.7,93108.07,92942.4
2024-11-26T00:50:37.364,93092.45,93118.7,93107.94,92942.4
2024-11-26T00:50:37.384,93090.54,93118.7,93107.9,92942.4
2024-11-26T00:50:37.404,93092.125,93118.7,93106.78,92942.4
2024-11-26T00:50:37.424,93092.26,93118.7,93106.78,92942.4
2024-11-26T00:50:37.444,93093.23,93118.7,93107.055,92942.4
2024-11-26T00:50:37.464,93085.87,93118.7,93104.26,92942.4
2024-11-26T00:50:37.484,93085.41,93118.7,93102.81,92942.4
2024-11-26T00:50:37.504,93084.36,93118.7,93102.93,92942.4
2024-11-26T00:50:37.524,93078.88,93118.7,93100.03,92942.4
2024-11-26T00:50:37.544,93085.07,93118.7,93103.96,92942.4
2024-11-26T00:50:37.564,93088.86,93118.7,93106.31,92942.4
2024-11-26T00:50:37.584,93086.27,93118.7,93106.71,92942.4
2024-11-26T00:50:37.604,93087.62,93118.7,93106.15,92942.4
2024-11-26T00:50:37.624,93088.125,93118.7,93106.14,92942.4
2024-11-26T00:50:37.644,93088.125,93118.7,93106.14,92942.4
2024-11-26T00:50:37.664,93088.125,93118.7,93105.87,92942.4
2024-11-26T00:50:37.684,93088.12,93118.7,93105.76,92942.4
2024-11-26T00:50:37.704,93088.555,93118.7,93106.03,92942.4
2024-11-26T00:50:37.724,93088.555,93118.7,93106.32,92942.4
2024-11-26T00:50:37.744,93088.58,93118.7,93106.32,92942.4
2024-11-26T00:50:37.784,93089.73,93118.7,93106.414,92942.4
2024-11-26T00:50:37.804,93090.02,93118.7,93106.42,92942.4
2024-11-26T00:50:37.824,93089.92,93118.7,93106.766,92942.4
2024-11-26T00:50:37.844,93089.76,93118.7,93106.41,92942.4
2024-11-26T00:50:37.884,93091.09,93118.7,93106.4,92942.4
2024-11-26T00:50:37.904,93089.65,93118.7,93103.7,92942.4
2024-11-26T00:50:37.925,93087.555,93118.7,93104.19,92942.4
2024-11-26T00:50:37.944,93087.625,93118.7,93104.234,92942.4
2024-11-26T00:50:37.964,93087.625,93118.7,93104.555,92942.4
2024-11-26T00:50:37.984,93084.37,93118.7,93104.805,92942.4
2024-11-26T00:50:38.004,93083.67,93118.7,93102.77,92942.4
2024-11-26T00:50:38.024,93083.64,93118.7,93102.055,92942.4
2024-11-26T00:50:38.044,93083.64,93118.7,93102.61,92942.4
2024-11-26T00:50:38.064,93089.445,93118.7,93105.26,92942.4
2024-11-26T00:50:38.084,93090.055,93118.7,93105.32,92942.4
2024-11-26T00:50:38.104,93090.25,93118.7,93104.88,92942.4
2024-11-26T00:50:38.124,93090.32,93118.7,93104.28,92942.4
2024-11-26T00:50:38.144,93090.336,93118.7,93105.73,92942.4
2024-11-26T00:50:38.164,93093.21,93118.7,93106.8,92942.4
2024-11-26T00:50:38.184,93095.8,93118.7,93106.97,92942.4
2024-11-26T00:50:38.204,93096.04,93118.7,93106.81,92942.4
2024-11-26T00:50:38.224,93095.445,93118.7,93106.51,92942.4
2024-11-26T00:50:38.244,93095.73,93118.7,93106.25,92942.4
2024-11-26T00:50:38.264,93089.48,93118.7,93104.78,92942.4
2024-11-26T00:50:38.284,93087.87,93118.7,93105.016,92942.4
2024-11-26T00:50:38.304,93087.734,93118.7,93105.086,92942.4
2024-11-26T00:50:38.324,93086.15,93118.7,93105.11,92942.4
2024-11-26T00:50:38.344,93086.15,93118.7,93105.69,92942.4
2024-11-26T00:50:38.364,93087.18,93118.7,93105.69,92942.4
