server_time,best_bid_price,best_ask_price,avg_buy_price,avg_sell_price
2024-11-26T10:05:06.085,93404.5,93426.6,93413.266,93423.24
2024-11-26T10:05:06.104,93404.5,93428.3,93413.42,93424.26
2024-11-26T10:05:06.124,93404.5,93430.1,93415.25,93424.445
2024-11-26T10:05:06.144,93404.5,93432.2,93415.31,93425.4
2024-11-26T10:05:06.164,93404.5,93432.2,93416.1,93425.336
2024-11-26T10:05:06.184,93404.5,93432.5,93416.125,93425.05
2024-11-26T10:05:06.204,93404.5,93432.5,93416.055,93425.11
2024-11-26T10:05:06.224,93404.5,93432.5,93416.27,93425.41
2024-11-26T10:05:06.244,93404.5,93432.5,93416.15,93425.44
2024-11-26T10:05:06.264,93404.5,93432.5,93416.11,93425.5
2024-11-26T10:05:06.284,93404.5,93432.5,93416.19,93425.44
2024-11-26T10:05:06.304,93404.5,93432.5,93416.24,93425.414
2024-11-26T10:05:06.324,93404.5,93432.5,93417.734,93425.57
2024-11-26T10:05:06.344,93404.5,93432.8,93417.6,93426.96
2024-11-26T10:05:06.364,93404.5,93433.3,93417.08,93430.64
2024-11-26T10:05:06.384,93404.5,93433.6,93417.55,93430.66
2024-11-26T10:05:06.404,93404.5,93437.4,93421.82,93431.72
2024-11-26T10:05:06.424,93404.5,93437.4,93420.86,93431.72
2024-11-26T10:05:06.444,93404.5,93437.4,93420.875,93431.73
2024-11-26T10:05:06.464,93404.5,93437.4,93420.81,93431.76
2024-11-26T10:05:06.484,93404.5,93437.4,93420.95,93431.64
2024-11-26T10:05:06.504,93404.5,93437.4,93421.22,93431.53
2024-11-26T10:05:06.524,93404.5,93437.5,93421.78,93431.54
2024-11-26T10:05:06.544,93404.5,93441.5,93423.82,93433.5
2024-11-26T10:05:06.564,93404.5,93444.5,93429.445,93435.09
2024-11-26T10:05:06.584,93404.5,93445.9,93429.88,93435.164
2024-11-26T10:05:06.604,93404.5,93445.9,93429.91,93435.234
2024-11-26T10:05:06.624,93404.5,93445.9,93429.68,93435.234
2024-11-26T10:05:06.644,93404.5,93450.4,93432.15,93448.77
2024-11-26T10:05:06.664,93404.5,93455.2,93438.04,93449.81
2024-11-26T10:05:06.684,93404.5,93455.2,93438.79,93449.8
2024-11-26T10:05:06.704,93404.5,93455.5,93438.03,93450.414
2024-11-26T10:05:06.724,93404.5,93455.6,93439.06,93450.44
2024-11-26T10:05:06.744,93404.5,93456.0,93439.32,93450.38
2024-11-26T10:05:06.764,93404.5,93456.0,93439.34,93450.17
2024-11-26T10:05:06.784,93404.5,93456.0,93439.5,93450.18
2024-11-26T10:05:06.804,93404.5,93456.7,93438.66,93450.27
2024-11-26T10:05:06.824,93404.5,93456.7,93438.48,93450.234
2024-11-26T10:05:06.844,93404.5,93456.7,93440.18,93450.234
2024-11-26T10:05:06.864,93404.5,93456.9,93440.09,93450.26
2024-11-26T10:05:06.884,93404.5,93456.9,93440.01,93450.3
2024-11-26T10:05:06.904,93404.5,93457.0,93439.98,93450.49
2024-11-26T10:05:06.924,93404.5,93457.0,93439.95,93450.49
2024-11-26T10:05:06.944,93404.5,93457.0,93439.95,93450.62
2024-11-26T10:05:06.964,93404.5,93457.0,93439.95,93450.58
2024-11-26T10:05:07.024,93404.5,93457.0,93439.58,93450.58
2024-11-26T10:05:07.044,93404.5,93457.0,93439.58,93450.62
2024-11-26T10:05:07.064,93404.5,93457.6,93441.086,93450.79
2024-11-26T10:05:07.084,93404.5,93458.3,93441.12,93450.8
2024-11-26T10:05:07.104,93404.5,93458.3,93441.14,93450.8
2024-11-26T10:05:07.124,93404.5,93458.3,93441.15,93450.8
2024-11-26T10:05:07.144,93404.5,93459.0,93442.56,93450.86
2024-11-26T10:05:07.164,93404.5,93459.0,93441.68,93450.9
2024-11-26T10:05:07.184,93404.5,93461.7,93443.66,93452.51
2024-11-26T10:05:07.204,93404.5,93461.7,93442.62,93452.81
2024-11-26T10:05:07.224,93404.5,93461.7,93442.53,93452.734
2024-11-26T10:05:07.244,93404.5,93461.7,93442.48,93452.49
2024-11-26T10:05:07.265,93404.5,93461.7,93442.484,93452.56
2024-11-26T10:05:07.284,93404.5,93461.7,93442.516,93452.56
2024-11-26T10:05:07.304,93404.5,93461.7,93442.695,93452.56
2024-11-26T10:05:07.324,93404.5,93461.7,93442.66,93452.56
2024-11-26T10:05:07.344,93404.5,93461.7,93443.22,93452.33
2024-11-26T10:05:07.364,93404.5,93461.7,93443.22,93452.36
2024-11-26T10:05:07.384,93404.5,93461.7,93443.22,93452.34
2024-11-26T10:05:07.405,93404.5,93461.7,93443.23,93452.234
2024-11-26T10:05:07.424,93404.5,93461.7,93442.67,93452.25
2024-11-26T10:05:07.444,93404.5,93461.7,93442.63,93452.27
2024-11-26T10:05:07.484,93404.5,93461.7,93441.3,93452.13
2024-11-26T10:05:07.504,93404.5,93461.7,93441.29,93452.05
2024-11-26T10:05:07.525,93404.5,93461.7,93441.25,93452.05
2024-11-26T10:05:07.544,93404.5,93461.7,93441.2,93451.99
2024-11-26T10:05:07.565,93404.5,93461.7,93441.164,93451.99
2024-11-26T10:05:07.584,93404.5,93461.7,93440.76,93451.99
2024-11-26T10:05:07.624,93404.5,93461.7,93440.766,93452.07
2024-11-26T10:05:07.644,93404.5,93461.7,93440.875,93452.62
2024-11-26T10:05:07.664,93404.5,93461.7,93440.99,93452.09
2024-11-26T10:05:07.685,93404.5,93461.7,93440.79,93452.11
2024-11-26T10:05:07.704,93404.5,93461.7,93440.6,93451.71
2024-11-26T10:05:07.724,93404.5,93461.7,93440.6,93451.72
2024-11-26T10:05:07.744,93404.5,93461.7,93440.6,93451.72
2024-11-26T10:05:07.764,93404.5,93461.7,93439.99,93451.72
2024-11-26T10:05:07.784,93404.5,93461.7,93440.08,93451.96
2024-11-26T10:05:07.804,93404.5,93461.7,93431.43,93445.76
2024-11-26T10:05:07.825,93404.5,93461.7,93430.836,93447.53
2024-11-26T10:05:07.844,93404.5,93461.7,93430.695,93448.0
2024-11-26T10:05:07.864,93404.5,93461.7,93430.164,93448.0
2024-11-26T10:05:07.884,93404.5,93461.7,93429.6,93447.62
2024-11-26T10:05:07.904,93404.5,93461.7,93430.016,93447.84
2024-11-26T10:05:07.924,93404.5,93461.7,93425.15,93444.47
2024-11-26T10:05:07.944,93404.5,93461.7,93425.49,93444.15
2024-11-26T10:05:07.964,93404.5,93461.7,93428.414,93445.85
2024-11-26T10:05:07.984,93404.5,93461.7,93428.18,93448.97
2024-11-26T10:05:08.005,93404.5,93461.7,93430.04,93449.234
2024-11-26T10:05:08.024,93404.5,93461.7,93430.18,93449.89
2024-11-26T10:05:08.044,93404.5,93461.7,93430.17,93449.375
2024-11-26T10:05:08.064,93404.5,93461.7,93428.734,93445.96
2024-11-26T10:05:08.084,93404.5,93461.7,93428.164,93446.7
2024-11-26T10:05:08.104,93404.5,93461.7,93428.79,93446.484
2024-11-26T10:05:08.124,93404.5,93461.7,93429.27,93447.625
2024-11-26T10:05:08.144,93404.5,93461.7,93429.21,93447.78
2024-11-26T10:05:08.164,93404.5,93461.7,93429.03,93447.59
2024-11-26T10:05:08.185,93404.5,93461.7,93429.195,93447.62
2024-11-26T10:05:08.204,93404.5,93461.7,93429.15,93447.7
2024-11-26T10:05:08.224,93404.5,93461.7,93429.05,93447.68
2024-11-26T10:05:08.244,93404.5,93461.7,93429.05,93447.68
2024-11-26T10:05:08.264,93404.5,93461.7,93429.1,93447.68
2024-11-26T10:05:08.284,93404.5,93461.7,93429.06,93447.56
2024-11-26T10:05:08.305,93404.5,93461.7,93428.586,93447.53
2024-11-26T10:05:08.324,93404.5,93461.7,93429.17,93447.89
2024-11-26T10:05:08.344,93404.5,93461.7,93429.21,93447.89
2024-11-26T10:05:08.364,93404.5,93461.7,93429.21,93448.16
2024-11-26T10:05:08.384,93404.5,93461.7,93429.21,93448.19
2024-11-26T10:05:08.405,93404.5,93461.7,93429.32,93448.055
2024-11-26T10:05:08.424,93404.5,93461.7,93429.91,93448.05
2024-11-26T10:05:08.444,93404.5,93461.7,93429.945,93448.08
2024-11-26T10:05:08.464,93404.5,93461.7,93429.945,93448.1
2024-11-26T10:05:08.485,93404.5,93461.7,93429.89,93448.37
2024-11-26T10:05:08.504,93404.5,93461.7,93429.9,93448.42
2024-11-26T10:05:08.544,93404.5,93461.7,93429.445,93447.47
2024-11-26T10:05:08.565,93404.5,93461.7,93428.74,93447.43
2024-11-26T10:05:08.584,93404.5,93461.7,93428.68,93447.42
2024-11-26T10:05:08.604,93404.5,93461.7,93427.555,93447.336
2024-11-26T10:05:08.624,93404.5,93461.7,93427.49,93447.33
2024-11-26T10:05:08.644,93404.5,93461.7,93427.58,93447.28
2024-11-26T10:05:08.684,93404.5,93461.7,93427.58,93447.31
2024-11-26T10:05:08.704,93404.5,93461.7,93428.164,93447.45
2024-11-26T10:05:08.724,93404.5,93461.7,93428.945,93447.43
2024-11-26T10:05:08.744,93404.5,93461.7,93433.5,93451.35
2024-11-26T10:05:08.764,93404.5,93461.7,93432.96,93452.18
2024-11-26T10:05:08.784,93404.5,93461.7,93433.14,93452.08
2024-11-26T10:05:08.804,93404.5,93461.7,93432.484,93449.64
2024-11-26T10:05:08.824,93404.5,93461.7,93431.984,93449.914
2024-11-26T10:05:08.844,93404.5,93461.7,93431.24,93450.19
2024-11-26T10:05:08.864,93404.5,93461.7,93431.24,93450.19
2024-11-26T10:05:08.884,93404.5,93461.7,93431.06,93449.76
2024-11-26T10:05:08.904,93404.5,93461.7,93431.04,93449.78
2024-11-26T10:05:08.924,93404.5,93461.7,93431.516,93449.78
2024-11-26T10:05:08.944,93404.5,93461.7,93431.516,93449.14
2024-11-26T10:05:08.964,93404.5,93461.7,93431.516,93449.18
2024-11-26T10:05:08.984,93404.5,93461.7,93431.38,93450.0
2024-11-26T10:05:09.004,93404.5,93461.7,93431.78,93450.48
2024-11-26T10:05:09.024,93404.5,93461.7,93432.37,93452.3
2024-11-26T10:05:09.044,93404.5,93461.7,93432.72,93453.71
2024-11-26T10:05:09.064,93404.5,93461.7,93433.1,93453.71
2024-11-26T10:05:09.104,93404.5,93461.7,93433.1,93453.37
2024-11-26T10:05:09.124,93404.5,93461.7,93433.1,93453.195
2024-11-26T10:05:09.144,93404.5,93461.7,93433.04,93453.414
2024-11-26T10:05:09.164,93404.5,93461.7,93432.53,93453.41
2024-11-26T10:05:09.184,93404.5,93461.7,93432.59,93453.41
2024-11-26T10:05:09.244,93404.5,93463.5,93441.81,93458.68
2024-11-26T10:05:09.275,93404.5,93463.8,93443.586,93458.336
2024-11-26T10:05:09.285,93404.5,93464.2,93445.445,93460.734
2024-11-26T10:05:09.304,93404.5,93468.3,93449.586,93460.086
2024-11-26T10:05:09.324,93404.5,93468.9,93446.51,93462.03
2024-11-26T10:05:09.344,93404.5,93468.9,93451.69,93462.14
2024-11-26T10:05:09.364,93404.5,93468.9,93451.69,93462.43
2024-11-26T10:05:09.384,93404.5,93468.9,93451.734,93462.7
2024-11-26T10:05:09.404,93404.5,93469.3,93450.71,93462.484
2024-11-26T10:05:09.424,93404.5,93469.3,93449.61,93462.44
2024-11-26T10:05:09.444,93404.5,93469.3,93449.984,93462.875
2024-11-26T10:05:09.464,93404.5,93469.3,93451.21,93462.59
2024-11-26T10:05:09.484,93404.5,93469.3,93450.95,93462.64
2024-11-26T10:05:09.504,93404.5,93469.3,93448.42,93462.45
2024-11-26T10:05:09.524,93404.5,93469.3,93448.75,93462.03
2024-11-26T10:05:09.544,93404.5,93469.3,93448.41,93462.03
2024-11-26T10:05:09.564,93404.5,93469.3,93448.53,93461.95
2024-11-26T10:05:09.584,93404.5,93469.3,93446.8,93461.945
2024-11-26T10:05:09.604,93404.5,93469.3,93447.26,93462.23
2024-11-26T10:05:09.624,93404.5,93469.3,93444.76,93459.305
2024-11-26T10:05:09.644,93404.5,93469.3,93446.47,93457.08
2024-11-26T10:05:09.664,93404.5,93469.3,93446.16,93457.2
2024-11-26T10:05:09.684,93404.5,93469.3,93446.48,93458.46
2024-11-26T10:05:09.704,93404.5,93469.3,93444.96,93459.25
2024-11-26T10:05:09.725,93404.5,93469.3,93444.96,93459.664
2024-11-26T10:05:09.744,93404.5,93469.3,93443.29,93459.74
2024-11-26T10:05:09.764,93404.5,93469.3,93443.82,93459.875
2024-11-26T10:05:09.784,93404.5,93469.3,93443.82,93459.49
2024-11-26T10:05:09.804,93404.5,93469.3,93443.48,93459.67
2024-11-26T10:05:09.825,93404.5,93469.3,93444.35,93459.67
2024-11-26T10:05:09.844,93404.5,93469.3,93444.28,93459.67
2024-11-26T10:05:09.884,93404.5,93469.3,93447.11,93464.07
2024-11-26T10:05:09.904,93404.5,93469.3,93448.44,93464.29
2024-11-26T10:05:09.924,93404.5,93469.3,93447.766,93464.414
2024-11-26T10:05:09.944,93404.5,93469.3,93447.04,93464.26
2024-11-26T10:05:09.964,93404.5,93469.3,93448.46,93465.11
2024-11-26T10:05:09.984,93404.5,93469.3,93448.4,93465.195
2024-11-26T10:05:10.004,93404.5,93469.3,93449.055,93465.03
2024-11-26T10:05:10.024,93404.5,93469.3,93449.15,93464.695
2024-11-26T10:05:10.044,93404.5,93469.3,93449.15,93464.695
2024-11-26T10:05:10.064,93404.5,93469.3,93449.15,93464.69
2024-11-26T10:05:10.084,93404.5,93469.3,93449.0,93465.35
2024-11-26T10:05:10.104,93404.5,93469.3,93451.39,93465.79
2024-11-26T10:05:10.124,93404.5,93469.3,93453.98,93465.76
2024-11-26T10:05:10.144,93404.5,93470.0,93455.07,93466.9
2024-11-26T10:05:10.164,93404.5,93470.1,93454.63,93467.31
2024-11-26T10:05:10.184,93404.5,93470.5,93454.46,93467.43
2024-11-26T10:05:10.204,93404.5,93471.2,93457.45,93467.086
2024-11-26T10:05:10.224,93404.5,93471.7,93456.65,93467.09
2024-11-26T10:05:10.244,93404.5,93471.8,93456.336,93467.14
2024-11-26T10:05:10.264,93404.5,93472.0,93457.69,93467.15
2024-11-26T10:05:10.284,93404.5,93472.0,93457.94,93467.15
2024-11-26T10:05:10.304,93404.5,93472.0,93457.86,93467.15
2024-11-26T10:05:10.324,93404.5,93474.3,93459.836,93471.32
2024-11-26T10:05:10.344,93404.5,93474.3,93459.66,93470.77
2024-11-26T10:05:10.364,93404.5,93474.3,93459.555,93470.77
2024-11-26T10:05:10.384,93404.5,93474.3,93459.33,93470.77
2024-11-26T10:05:10.404,93404.5,93474.4,93459.33,93471.34
2024-11-26T10:05:10.424,93404.5,93474.9,93459.43,93469.875
2024-11-26T10:05:10.444,93404.5,93475.3,93459.43,93472.266
2024-11-26T10:05:10.464,93404.5,93475.3,93459.44,93472.266
2024-11-26T10:05:10.484,93404.5,93475.6,93461.59,93472.38
2024-11-26T10:05:10.504,93404.5,93475.6,93458.72,93472.39
2024-11-26T10:05:10.524,93404.5,93475.6,93458.63,93472.375
2024-11-26T10:05:10.544,93404.5,93475.6,93458.31,93472.47
2024-11-26T10:05:10.564,93404.5,93475.6,93458.26,93472.47
2024-11-26T10:05:10.584,93404.5,93475.8,93459.07,93471.87
2024-11-26T10:05:10.604,93404.5,93475.8,93459.0,93471.87
2024-11-26T10:05:10.624,93404.5,93475.8,93458.734,93471.84
2024-11-26T10:05:10.644,93404.5,93475.8,93457.99,93471.67
2024-11-26T10:05:10.664,93404.5,93475.8,93457.59,93471.62
2024-11-26T10:05:10.684,93404.5,93477.6,93461.56,93472.54
2024-11-26T10:05:10.704,93404.5,93478.5,93461.23,93473.53
2024-11-26T10:05:10.724,93404.5,93478.5,93461.195,93473.53
2024-11-26T10:05:10.744,93404.5,93478.5,93461.1,93473.53
2024-11-26T10:05:10.764,93404.5,93482.1,93463.445,93479.26
2024-11-26T10:05:10.784,93404.5,93507.3,93473.92,93500.91
2024-11-26T10:05:10.804,93404.5,93507.3,93479.086,93496.8
2024-11-26T10:05:10.824,93404.5,93507.3,93478.59,93494.91
2024-11-26T10:05:10.844,93404.5,93507.3,93476.49,93493.05
2024-11-26T10:05:10.864,93404.5,93507.3,93480.56,93498.65
2024-11-26T10:05:10.884,93404.5,93507.3,93484.4,93499.414
2024-11-26T10:05:10.904,93404.5,93507.3,93486.414,93500.0
2024-11-26T10:05:10.924,93404.5,93507.5,93487.1,93500.32
2024-11-26T10:05:10.944,93404.5,93508.5,93485.7,93501.65
2024-11-26T10:05:10.964,93404.5,93508.6,93485.72,93501.97
2024-11-26T10:05:10.984,93404.5,93509.0,93487.75,93502.57
2024-11-26T10:05:11.004,93404.5,93509.6,93484.93,93505.11
2024-11-26T10:05:11.024,93404.5,93509.6,93485.6,93499.37
2024-11-26T10:05:11.044,93404.5,93509.6,93484.766,93499.16
2024-11-26T10:05:11.064,93404.5,93509.6,93484.945,93499.18
2024-11-26T10:05:11.084,93404.5,93509.6,93485.06,93499.18
2024-11-26T10:05:11.104,93404.5,93509.6,93485.6,93501.086
2024-11-26T10:05:11.124,93404.5,93509.6,93486.055,93501.03
2024-11-26T10:05:11.144,93404.5,93509.6,93485.87,93501.086
2024-11-26T10:05:11.165,93404.5,93509.6,93485.87,93501.016
2024-11-26T10:05:11.184,93404.5,93509.6,93485.375,93500.625
2024-11-26T10:05:11.204,93404.5,93509.6,93485.375,93501.26
2024-11-26T10:05:11.224,93404.5,93510.6,93487.49,93506.18
2024-11-26T10:05:11.244,93404.5,93510.6,93487.58,93506.195
2024-11-26T10:05:11.265,93404.5,93510.6,93487.83,93506.195
2024-11-26T10:05:11.284,93404.5,93510.6,93487.79,93505.86
2024-11-26T10:05:11.304,93404.5,93510.6,93487.01,93505.484
2024-11-26T10:05:11.324,93404.5,93510.6,93486.88,93505.44
2024-11-26T10:05:11.345,93404.5,93510.6,93486.08,93505.06
2024-11-26T10:05:11.365,93404.5,93510.6,93486.086,93505.03
2024-11-26T10:05:11.384,93404.5,93510.6,93486.18,93505.266
2024-11-26T10:05:11.404,93404.5,93510.6,93486.0,93504.82
2024-11-26T10:05:11.424,93404.5,93510.6,93486.32,93504.734
2024-11-26T10:05:11.445,93404.5,93510.6,93486.22,93504.76
2024-11-26T10:05:11.465,93404.5,93510.6,93486.18,93505.28
2024-11-26T10:05:11.484,93404.5,93510.6,93486.23,93504.83
2024-11-26T10:05:11.505,93404.5,93510.6,93486.19,93504.695
2024-11-26T10:05:11.524,93404.5,93510.6,93486.67,93504.72
2024-11-26T10:05:11.544,93404.5,93510.6,93486.6,93504.664
2024-11-26T10:05:11.565,93404.5,93510.6,93486.69,93504.67
2024-11-26T10:05:11.604,93404.5,93510.6,93486.69,93504.664
2024-11-26T10:05:11.624,93404.5,93510.6,93486.67,93504.41
2024-11-26T10:05:11.644,93404.5,93510.6,93486.71,93504.39
2024-11-26T10:05:11.664,93404.5,93510.6,93486.71,93504.734
2024-11-26T10:05:11.684,93404.5,93510.6,93486.71,93505.05
2024-11-26T10:05:11.705,93404.5,93510.6,93486.06,93505.15
2024-11-26T10:05:11.725,93404.5,93510.6,93486.67,93505.17
2024-11-26T10:05:11.745,93404.5,93510.6,93486.67,93505.164
2024-11-26T10:05:11.764,93404.5,93510.6,93486.61,93504.875
2024-11-26T10:05:11.785,93404.5,93510.6,93486.336,93504.79
2024-11-26T10:05:11.805,93404.5,93510.6,93486.31,93504.79
2024-11-26T10:05:11.824,93404.5,93510.6,93485.93,93504.8
2024-11-26T10:05:11.844,93404.5,93510.6,93485.93,93504.97
2024-11-26T10:05:11.864,93404.5,93510.6,93486.2,93505.4
2024-11-26T10:05:11.885,93404.5,93510.6,93486.164,93505.49
2024-11-26T10:05:11.904,93404.5,93510.6,93485.97,93505.09
2024-11-26T10:05:11.924,93404.5,93510.6,93485.98,93504.94
2024-11-26T10:05:11.944,93404.5,93510.6,93485.98,93505.04
2024-11-26T10:05:11.964,93404.5,93510.6,93485.98,93504.86
2024-11-26T10:05:11.984,93404.5,93510.6,93485.945,93504.76
2024-11-26T10:05:12.004,93404.5,93510.6,93486.625,93504.81
2024-11-26T10:05:12.024,93404.5,93510.6,93487.34,93504.914
2024-11-26T10:05:12.045,93404.5,93510.6,93488.35,93504.89
2024-11-26T10:05:12.064,93404.5,93510.6,93485.266,93504.77
2024-11-26T10:05:12.084,93404.5,93510.6,93485.44,93504.37
2024-11-26T10:05:12.104,93404.5,93510.6,93485.18,93504.37
2024-11-26T10:05:12.124,93404.5,93510.6,93485.2,93504.37
2024-11-26T10:05:12.144,93404.5,93510.6,93485.07,93504.37
2024-11-26T10:05:12.164,93404.5,93510.6,93484.79,93504.37
2024-11-26T10:05:12.184,93404.5,93510.6,93484.8,93504.38
2024-11-26T10:05:12.204,93404.5,93510.6,93484.81,93504.38
2024-11-26T10:05:12.224,93404.5,93510.6,93484.8,93500.766
2024-11-26T10:05:12.244,93404.5,93510.6,93484.73,93500.445
2024-11-26T10:05:12.264,93404.5,93510.6,93484.41,93500.234
2024-11-26T10:05:12.284,93404.5,93510.6,93484.81,93504.39
2024-11-26T10:05:12.304,93404.5,93510.6,93484.84,93504.39
2024-11-26T10:05:12.324,93404.5,93510.6,93483.37,93497.914
2024-11-26T10:05:12.344,93404.5,93510.6,93484.19,93495.33
2024-11-26T10:05:12.364,93404.5,93510.6,93484.19,93495.4
2024-11-26T10:05:12.384,93404.5,93510.6,93484.19,93496.3
2024-11-26T10:05:12.404,93404.5,93510.6,93484.36,93497.87
2024-11-26T10:05:12.424,93404.5,93510.6,93484.055,93497.9
2024-11-26T10:05:12.444,93404.5,93510.6,93484.05,93498.164
2024-11-26T10:05:12.464,93404.5,93510.6,93484.07,93498.46
2024-11-26T10:05:12.504,93404.5,93510.6,93484.07,93498.484
2024-11-26T10:05:12.524,93404.5,93510.6,93484.086,93498.49
2024-11-26T10:05:12.544,93404.5,93510.6,93483.48,93493.445
2024-11-26T10:05:12.564,93404.5,93510.6,93480.78,93490.07
2024-11-26T10:05:12.584,93404.5,93510.6,93480.61,93491.43
2024-11-26T10:05:12.604,93404.5,93510.6,93481.49,93494.85
2024-11-26T10:05:12.624,93404.5,93510.6,93480.04,93493.16
2024-11-26T10:05:12.644,93404.5,93510.6,93473.77,93492.67
2024-11-26T10:05:12.664,93404.5,93510.6,93470.6,93485.25
2024-11-26T10:05:12.684,93404.5,93510.6,93470.46,93485.72
2024-11-26T10:05:12.704,93404.5,93510.6,93470.46,93490.05
2024-11-26T10:05:12.724,93404.5,93510.6,93469.83,93482.99
2024-11-26T10:05:12.744,93404.5,93510.6,93469.23,93482.08
2024-11-26T10:05:12.764,93404.5,93510.6,93470.29,93482.43
2024-11-26T10:05:12.784,93404.5,93510.6,93475.336,93485.445
2024-11-26T10:05:12.804,93404.5,93510.6,93475.65,93488.555
2024-11-26T10:05:12.824,93404.5,93510.6,93474.25,93487.984
2024-11-26T10:05:12.844,93404.5,93510.6,93474.51,93490.8
2024-11-26T10:05:12.864,93404.5,93510.6,93473.695,93495.164
2024-11-26T10:05:12.884,93404.5,93510.6,93474.64,93493.49
2024-11-26T10:05:12.904,93404.5,93510.6,93474.49,93493.875
2024-11-26T10:05:12.924,93404.5,93510.6,93474.49,93493.75
2024-11-26T10:05:12.944,93404.5,93510.6,93474.49,93492.984
2024-11-26T10:05:12.964,93404.5,93510.6,93474.17,93490.29
2024-11-26T10:05:12.984,93404.5,93510.6,93473.18,93490.13
2024-11-26T10:05:13.004,93404.5,93510.6,93472.98,93489.92
2024-11-26T10:05:13.024,93404.5,93510.6,93472.92,93489.02
2024-11-26T10:05:13.044,93404.5,93510.6,93472.91,93489.71
2024-11-26T10:05:13.064,93404.5,93510.6,93472.91,93489.695
2024-11-26T10:05:13.084,93404.5,93510.6,93471.195,93486.76
2024-11-26T10:05:13.104,93404.5,93510.6,93469.09,93486.74
2024-11-26T10:05:13.124,93404.5,93510.6,93466.37,93484.03
2024-11-26T10:05:13.144,93404.5,93510.6,93465.47,93484.53
2024-11-26T10:05:13.164,93404.5,93510.6,93468.13,93484.91
2024-11-26T10:05:13.184,93404.5,93510.6,93470.48,93487.21
2024-11-26T10:05:13.204,93404.5,93510.6,93470.43,93487.57
2024-11-26T10:05:13.224,93404.5,93510.6,93470.766,93487.85
2024-11-26T10:05:13.244,93404.5,93510.6,93470.85,93488.47
2024-11-26T10:05:13.264,93404.5,93510.6,93471.75,93488.76
2024-11-26T10:05:13.284,93404.5,93510.6,93471.3,93488.46
2024-11-26T10:05:13.304,93404.5,93510.6,93471.2,93487.42
2024-11-26T10:05:13.324,93404.5,93510.6,93471.34,93487.234
2024-11-26T10:05:13.345,93404.5,93510.6,93468.82,93487.055
2024-11-26T10:05:13.364,93404.5,93510.6,93468.35,93486.99
2024-11-26T10:05:13.385,93404.5,93510.6,93468.32,93487.14
2024-11-26T10:05:13.404,93404.5,93510.6,93468.3,93487.42
2024-11-26T10:05:13.424,93404.5,93510.6,93468.3,93487.71
2024-11-26T10:05:13.444,93404.5,93510.6,93468.83,93487.79
2024-11-26T10:05:13.464,93404.5,93510.6,93468.67,93488.21
2024-11-26T10:05:13.484,93404.5,93510.6,93468.6,93488.05
2024-11-26T10:05:13.505,93404.5,93510.6,93468.625,93488.05
2024-11-26T10:05:13.524,93404.5,93510.6,93468.68,93488.625
2024-11-26T10:05:13.544,93404.5,93510.6,93468.68,93488.91
2024-11-26T10:05:13.564,93404.5,93510.6,93470.7,93490.33
2024-11-26T10:05:13.584,93404.5,93510.6,93471.74,93490.09
2024-11-26T10:05:13.604,93404.5,93510.6,93471.97,93489.78
2024-11-26T10:05:13.624,93404.5,93510.6,93471.97,93489.69
2024-11-26T10:05:13.644,93404.5,93510.6,93471.97,93491.66
2024-11-26T10:05:13.665,93404.5,93510.6,93472.12,93491.66
2024-11-26T10:05:13.684,93404.5,93510.6,93472.1,93491.77
2024-11-26T10:05:13.704,93404.5,93510.6,93471.984,93491.93
2024-11-26T10:05:13.724,93404.5,93510.6,93472.0,93491.93
2024-11-26T10:05:13.744,93404.5,93510.6,93472.05,93491.93
2024-11-26T10:05:13.764,93404.5,93510.6,93477.84,93495.42
2024-11-26T10:05:13.784,93404.5,93510.6,93477.86,93496.18
2024-11-26T10:05:13.804,93404.5,93510.6,93480.43,93495.79
2024-11-26T10:05:13.824,93404.5,93510.6,93480.11,93495.81
2024-11-26T10:05:13.844,93404.5,93510.6,93481.195,93497.51
2024-11-26T10:05:13.864,93404.5,93510.6,93481.34,93497.8
2024-11-26T10:05:13.887,93404.5,93510.6,93481.33,93497.83
2024-11-26T10:05:13.904,93404.5,93510.6,93481.484,93497.766
2024-11-26T10:05:13.924,93404.5,93510.6,93484.13,93499.23
2024-11-26T10:05:13.944,93404.5,93510.6,93484.4,93499.47
2024-11-26T10:05:13.964,93404.5,93510.6,93484.375,93499.45
2024-11-26T10:05:13.984,93404.5,93510.6,93484.4,93499.52
2024-11-26T10:05:14.004,93404.5,93510.6,93485.13,93499.54
2024-11-26T10:05:14.024,93404.5,93510.6,93485.98,93499.56
2024-11-26T10:05:14.044,93404.5,93510.6,93485.88,93499.56
2024-11-26T10:05:14.064,93404.5,93510.6,93485.87,93499.625
2024-11-26T10:05:14.084,93404.5,93510.6,93486.8,93501.66
2024-11-26T10:05:14.104,93404.5,93510.6,93486.97,93501.93
2024-11-26T10:05:14.124,93404.5,93510.6,93491.25,93506.7
2024-11-26T10:05:14.144,93404.5,93510.6,93490.98,93502.3
2024-11-26T10:05:14.164,93404.5,93510.6,93490.89,93507.13
2024-11-26T10:05:14.184,93404.5,93511.0,93489.58,93509.266
2024-11-26T10:05:14.204,93404.5,93511.0,93490.18,93509.27
2024-11-26T10:05:14.224,93404.5,93511.0,93490.03,93509.27
2024-11-26T10:05:14.244,93404.5,93511.5,93489.93,93509.445
2024-11-26T10:05:14.264,93404.5,93511.5,93489.81,93509.336
2024-11-26T10:05:14.284,93404.5,93511.5,93489.81,93509.36
2024-11-26T10:05:14.304,93404.5,93511.5,93489.81,93509.36
2024-11-26T10:05:14.324,93404.5,93511.5,93492.75,93509.414
2024-11-26T10:05:14.344,93404.5,93511.5,93492.17,93509.414
2024-11-26T10:05:14.364,93404.5,93511.5,93491.19,93509.44
2024-11-26T10:05:14.384,93404.5,93511.5,93491.3,93509.484
2024-11-26T10:05:14.404,93404.5,93512.0,93491.87,93509.57
2024-11-26T10:05:14.424,93404.5,93512.0,93491.33,93509.61
2024-11-26T10:05:14.444,93404.5,93512.0,93491.29,93509.6
2024-11-26T10:05:14.464,93404.5,93512.0,93491.31,93509.6
2024-11-26T10:05:14.484,93404.5,93512.0,93491.31,93509.54
2024-11-26T10:05:14.504,93404.5,93512.0,93490.87,93509.54
2024-11-26T10:05:14.524,93404.5,93512.0,93490.875,93509.54
2024-11-26T10:05:14.544,93404.5,93512.0,93490.945,93509.54
2024-11-26T10:05:14.564,93404.5,93512.0,93490.914,93509.55
2024-11-26T10:05:14.604,93404.5,93512.0,93490.94,93509.87
2024-11-26T10:05:14.624,93404.5,93512.2,93490.86,93509.875
2024-11-26T10:05:14.644,93404.5,93512.2,93490.84,93509.875
2024-11-26T10:05:14.684,93404.5,93512.2,93490.664,93509.83
2024-11-26T10:05:14.704,93404.5,93512.2,93490.46,93509.85
2024-11-26T10:05:14.724,93404.5,93512.2,93490.43,93509.836
2024-11-26T10:05:14.764,93404.5,93512.2,93490.42,93509.836
2024-11-26T10:05:14.784,93404.5,93512.2,93490.414,93509.85
2024-11-26T10:05:14.824,93404.5,93512.2,93490.45,93509.85
2024-11-26T10:05:14.844,93404.5,93512.2,93490.63,93509.85
2024-11-26T10:05:14.864,93404.5,93512.2,93490.63,93509.86
2024-11-26T10:05:14.884,93404.5,93512.2,93490.82,93509.89
2024-11-26T10:05:14.904,93404.5,93512.4,93494.06,93509.99
2024-11-26T10:05:14.924,93404.5,93513.1,93497.01,93510.055
2024-11-26T10:05:14.944,93404.5,93513.5,93493.59,93510.05
2024-11-26T10:05:14.964,93404.5,93513.5,93493.4,93510.05
2024-11-26T10:05:14.984,93404.5,93513.5,93493.21,93510.03
2024-11-26T10:05:15.004,93404.5,93514.0,93493.8,93510.2
2024-11-26T10:05:15.024,93404.5,93514.0,93493.61,93510.164
2024-11-26T10:05:15.044,93404.5,93514.0,93493.65,93510.234
2024-11-26T10:05:15.064,93404.5,93514.0,93493.58,93510.234
2024-11-26T10:05:15.084,93404.5,93514.2,93493.96,93510.195
2024-11-26T10:05:15.104,93404.5,93514.2,93493.98,93510.16
2024-11-26T10:05:15.124,93404.5,93514.3,93493.94,93510.164
2024-11-26T10:05:15.144,93404.5,93514.3,93493.98,93510.086
2024-11-26T10:05:15.164,93404.5,93514.8,93493.9,93510.09
2024-11-26T10:05:15.184,93404.5,93514.8,93493.9,93510.086
2024-11-26T10:05:15.204,93404.5,93515.4,93498.4,93510.125
2024-11-26T10:05:15.224,93404.5,93516.0,93498.82,93510.21
2024-11-26T10:05:15.244,93404.5,93516.0,93497.71,93510.23
2024-11-26T10:05:15.264,93404.5,93516.0,93497.69,93510.23
2024-11-26T10:05:15.284,93404.5,93516.4,93500.14,93510.59
2024-11-26T10:05:15.304,93404.5,93518.3,93502.836,93511.59
2024-11-26T10:05:15.324,93404.5,93518.8,93501.26,93512.055
2024-11-26T10:05:15.344,93404.5,93518.8,93500.84,93512.11
2024-11-26T10:05:15.365,93404.5,93519.9,93500.68,93512.15
2024-11-26T10:05:15.384,93404.5,93520.7,93500.64,93512.87
2024-11-26T10:05:15.404,93404.5,93520.7,93504.68,93512.91
2024-11-26T10:05:15.425,93404.5,93520.9,93502.51,93513.01
2024-11-26T10:05:15.444,93404.5,93521.0,93502.63,93513.05
2024-11-26T10:05:15.465,93404.5,93521.0,93502.375,93512.81
2024-11-26T10:05:15.485,93404.5,93521.0,93502.375,93512.875
2024-11-26T10:05:15.504,93404.5,93521.0,93502.1,93512.875
2024-11-26T10:05:15.524,93404.5,93521.0,93498.234,93512.79
2024-11-26T10:05:15.544,93404.5,93521.0,93497.3,93512.695
2024-11-26T10:05:15.564,93404.5,93521.0,93497.336,93512.695
2024-11-26T10:05:15.584,93404.5,93521.0,93497.4,93512.695
2024-11-26T10:05:15.604,93404.5,93521.0,93497.38,93512.695
2024-11-26T10:05:15.624,93404.5,93521.0,93497.37,93512.69
2024-11-26T10:05:15.664,93404.5,93521.0,93497.39,93512.67
2024-11-26T10:05:15.684,93404.5,93521.0,93497.37,93512.67
2024-11-26T10:05:15.704,93404.5,93521.0,93496.57,93510.82
2024-11-26T10:05:15.724,93404.5,93521.0,93495.46,93509.75
2024-11-26T10:05:15.744,93404.5,93521.0,93495.46,93509.64
2024-11-26T10:05:15.764,93404.5,93521.0,93495.44,93509.96
2024-11-26T10:05:15.784,93404.5,93521.0,93495.445,93509.96
2024-11-26T10:05:15.804,93404.5,93521.0,93496.59,93509.97
2024-11-26T10:05:15.824,93404.5,93521.0,93497.95,93510.15
2024-11-26T10:05:15.844,93404.5,93521.0,93498.09,93511.88
2024-11-26T10:05:15.864,93404.5,93521.0,93498.664,93511.91
2024-11-26T10:05:15.884,93404.5,93521.0,93498.664,93511.94
2024-11-26T10:05:15.904,93404.5,93521.0,93498.64,93512.11
2024-11-26T10:05:15.924,93404.5,93521.0,93498.64,93512.08
2024-11-26T10:05:15.944,93404.5,93521.0,93498.63,93511.836
2024-11-26T10:05:15.964,93404.5,93521.0,93498.63,93511.96
2024-11-26T10:05:15.984,93404.5,93521.0,93498.64,93511.96
2024-11-26T10:05:16.004,93404.5,93521.0,93498.61,93511.96
2024-11-26T10:05:16.024,93404.5,93530.9,93505.95,93526.11
2024-11-26T10:05:16.044,93404.5,93531.5,93512.06,93525.664
2024-11-26T10:05:16.064,93404.5,93531.5,93506.766,93524.86
2024-11-26T10:05:16.084,93404.5,93531.5,93502.805,93525.77
2024-11-26T10:05:16.104,93404.5,93532.6,93502.56,93526.36
2024-11-26T10:05:16.124,93404.5,93532.6,93502.43,93525.945
2024-11-26T10:05:16.144,93404.5,93532.6,93502.55,93526.01
2024-11-26T10:05:16.164,93404.5,93532.6,93502.195,93523.9
2024-11-26T10:05:16.184,93404.5,93532.6,93502.266,93524.2
2024-11-26T10:05:16.204,93404.5,93532.6,93507.63,93525.44
2024-11-26T10:05:16.224,93404.5,93532.6,93507.625,93526.414
2024-11-26T10:05:16.244,93404.5,93532.6,93507.305,93526.62
2024-11-26T10:05:16.264,93404.5,93532.6,93507.305,93526.734
2024-11-26T10:05:16.284,93404.5,93532.6,93507.3,93526.75
2024-11-26T10:05:16.304,93404.5,93532.6,93509.37,93526.6
2024-11-26T10:05:16.324,93404.5,93533.1,93509.68,93529.81
2024-11-26T10:05:16.344,93404.5,93533.3,93514.984,93529.87
2024-11-26T10:05:16.364,93404.5,93533.4,93515.234,93529.89
2024-11-26T10:05:16.384,93404.5,93533.4,93516.02,93529.78
2024-11-26T10:05:16.404,93404.5,93533.4,93516.06,93528.78
2024-11-26T10:05:16.425,93404.5,93533.5,93515.12,93528.71
2024-11-26T10:05:16.444,93404.5,93534.3,93512.97,93528.88
2024-11-26T10:05:16.464,93404.5,93534.3,93509.78,93528.61
2024-11-26T10:05:16.484,93404.5,93534.3,93508.63,93528.62
2024-11-26T10:05:16.504,93404.5,93534.3,93508.72,93528.62
2024-11-26T10:05:16.524,93404.5,93534.3,93507.64,93526.58
2024-11-26T10:05:16.544,93404.5,93534.3,93507.32,93526.12
2024-11-26T10:05:16.564,93404.5,93534.3,93507.32,93526.54
2024-11-26T10:05:16.584,93404.5,93534.3,93507.33,93527.016
2024-11-26T10:05:16.604,93404.5,93534.3,93507.86,93526.695
2024-11-26T10:05:16.624,93404.5,93534.3,93508.22,93526.55
2024-11-26T10:05:16.644,93404.5,93534.3,93509.07,93526.664
2024-11-26T10:05:16.664,93404.5,93534.3,93510.69,93526.84
2024-11-26T10:05:16.684,93404.5,93534.3,93510.65,93527.03
2024-11-26T10:05:16.704,93404.5,93534.3,93510.59,93527.16
2024-11-26T10:05:16.724,93404.5,93537.4,93516.47,93533.445
2024-11-26T10:05:16.744,93404.5,93537.5,93512.3,93532.195
2024-11-26T10:05:16.764,93404.5,93537.5,93510.44,93528.76
2024-11-26T10:05:16.784,93404.5,93537.5,93510.305,93528.57
2024-11-26T10:05:16.804,93404.5,93537.5,93514.31,93529.89
2024-11-26T10:05:16.824,93404.5,93537.5,93514.23,93531.64
2024-11-26T10:05:16.844,93404.5,93537.5,93514.234,93531.984
2024-11-26T10:05:16.864,93404.5,93537.5,93514.39,93531.305
2024-11-26T10:05:16.905,93404.5,93537.5,93514.055,93531.27
2024-11-26T10:05:16.924,93404.5,93537.5,93514.06,93531.31
2024-11-26T10:05:16.944,93404.5,93537.5,93514.086,93531.21
2024-11-26T10:05:16.964,93404.5,93537.5,93514.0,93531.164
2024-11-26T10:05:16.984,93404.5,93537.5,93513.984,93531.21
2024-11-26T10:05:17.004,93404.5,93537.5,93514.03,93531.21
2024-11-26T10:05:17.024,93404.5,93537.5,93514.38,93531.32
2024-11-26T10:05:17.044,93404.5,93537.5,93514.49,93531.336
2024-11-26T10:05:17.064,93404.5,93537.5,93509.734,93529.625
2024-11-26T10:05:17.084,93404.5,93538.9,93515.18,93528.766
2024-11-26T10:05:17.104,93404.5,93539.0,93523.484,93533.87
2024-11-26T10:05:17.124,93404.5,93541.4,93524.695,93533.12
2024-11-26T10:05:17.144,93404.5,93541.4,93519.21,93531.336
2024-11-26T10:05:17.164,93404.5,93541.4,93515.23,93530.836
2024-11-26T10:05:17.184,93404.5,93541.4,93515.945,93529.96
2024-11-26T10:05:17.204,93404.5,93541.4,93515.5,93530.13
2024-11-26T10:05:17.224,93404.5,93541.4,93513.72,93530.94
2024-11-26T10:05:17.244,93404.5,93541.4,93515.74,93530.69
2024-11-26T10:05:17.264,93404.5,93541.4,93516.3,93531.086
2024-11-26T10:05:17.284,93404.5,93541.4,93515.43,93530.5
2024-11-26T10:05:17.304,93404.5,93541.4,93515.73,93530.984
2024-11-26T10:05:17.324,93404.5,93541.4,93517.195,93530.62
2024-11-26T10:05:17.344,93404.5,93541.4,93517.61,93530.625
2024-11-26T10:05:17.364,93404.5,93541.4,93517.72,93530.53
2024-11-26T10:05:17.384,93404.5,93541.4,93517.15,93530.695
2024-11-26T10:05:17.404,93404.5,93541.4,93517.15,93530.49
2024-11-26T10:05:17.424,93404.5,93541.4,93517.15,93530.71
2024-11-26T10:05:17.444,93404.5,93541.4,93516.65,93530.375
2024-11-26T10:05:17.465,93404.5,93541.4,93516.73,93530.266
2024-11-26T10:05:17.484,93404.5,93541.4,93515.44,93530.266
2024-11-26T10:05:17.524,93404.5,93541.4,93513.414,93530.26
2024-11-26T10:05:17.544,93404.5,93541.4,93513.73,93526.586
2024-11-26T10:05:17.564,93404.5,93541.4,93513.39,93526.625
2024-11-26T10:05:17.584,93404.5,93541.4,93512.914,93526.734
2024-11-26T10:05:17.604,93404.5,93541.4,93512.805,93527.21
2024-11-26T10:05:17.624,93404.5,93541.4,93512.34,93527.24
2024-11-26T10:05:17.644,93404.5,93541.4,93510.99,93527.43
2024-11-26T10:05:17.664,93404.5,93541.4,93511.01,93527.48
2024-11-26T10:05:17.684,93404.5,93541.4,93511.0,93527.336
2024-11-26T10:05:17.704,93404.5,93541.4,93511.0,93527.305
2024-11-26T10:05:17.724,93404.5,93541.4,93511.0,93527.29
2024-11-26T10:05:17.744,93404.5,93541.4,93510.72,93527.29
2024-11-26T10:05:17.764,93404.5,93541.4,93510.664,93527.305
2024-11-26T10:05:17.784,93404.5,93541.4,93504.36,93524.06
2024-11-26T10:05:17.804,93404.5,93541.4,93500.1,93519.94
2024-11-26T10:05:17.824,93404.5,93541.4,93499.96,93519.55
2024-11-26T10:05:17.844,93404.5,93541.4,93502.445,93522.15
2024-11-26T10:05:17.864,93404.5,93541.4,93502.95,93518.586
2024-11-26T10:05:17.884,93404.5,93541.4,93496.55,93510.86
2024-11-26T10:05:17.904,93404.5,93541.4,93493.77,93509.305
2024-11-26T10:05:17.924,93404.5,93541.4,93497.23,93506.984
2024-11-26T10:05:17.944,93404.5,93541.4,93495.375,93507.28
2024-11-26T10:05:17.964,93404.5,93541.4,93490.9,93507.45
2024-11-26T10:05:17.984,93404.5,93541.4,93490.43,93507.484
2024-11-26T10:05:18.004,93404.5,93541.4,93489.516,93507.516
2024-11-26T10:05:18.024,93404.5,93541.4,93489.52,93507.336
2024-11-26T10:05:18.044,93404.5,93541.4,93489.445,93507.66
2024-11-26T10:05:18.064,93404.5,93541.4,93489.0,93507.9
2024-11-26T10:05:18.084,93404.5,93541.4,93491.375,93507.734
2024-11-26T10:05:18.104,93404.5,93541.4,93493.2,93508.305
2024-11-26T10:05:18.124,93404.5,93541.4,93493.33,93509.05
2024-11-26T10:05:18.144,93404.5,93541.4,93493.2,93508.52
2024-11-26T10:05:18.164,93404.5,93541.4,93493.445,93508.84
2024-11-26T10:05:18.185,93404.5,93541.4,93493.14,93509.08
2024-11-26T10:05:18.204,93404.5,93541.4,93494.64,93509.76
2024-11-26T10:05:18.224,93404.5,93541.4,93494.56,93510.95
2024-11-26T10:05:18.244,93404.5,93541.4,93492.97,93511.56
2024-11-26T10:05:18.264,93404.5,93541.4,93500.57,93514.414
2024-11-26T10:05:18.284,93404.5,93541.4,93503.15,93516.17
2024-11-26T10:05:18.304,93404.5,93541.4,93502.72,93517.54
2024-11-26T10:05:18.324,93404.5,93541.4,93502.79,93520.05
2024-11-26T10:05:18.344,93404.5,93541.4,93503.66,93519.66
2024-11-26T10:05:18.364,93404.5,93541.4,93504.39,93519.664
2024-11-26T10:05:18.384,93404.5,93541.4,93504.59,93519.79
2024-11-26T10:05:18.404,93404.5,93541.4,93503.84,93518.66
2024-11-26T10:05:18.425,93404.5,93541.4,93512.44,93533.305
2024-11-26T10:05:18.444,93404.5,93541.4,93510.06,93532.11
2024-11-26T10:05:18.464,93404.5,93541.4,93508.01,93528.97
2024-11-26T10:05:18.484,93404.5,93541.4,93507.734,93528.68
2024-11-26T10:05:18.504,93404.5,93541.4,93504.516,93528.95
2024-11-26T10:05:18.524,93404.5,93541.4,93504.59,93529.14
2024-11-26T10:05:18.544,93404.5,93541.4,93504.72,93529.19
2024-11-26T10:05:18.564,93404.5,93541.4,93505.77,93528.77
2024-11-26T10:05:18.584,93404.5,93541.4,93504.99,93528.71
2024-11-26T10:05:18.604,93404.5,93541.4,93505.055,93528.7
2024-11-26T10:05:18.624,93404.5,93541.4,93505.21,93528.586
2024-11-26T10:05:18.645,93404.5,93541.4,93506.63,93528.766
2024-11-26T10:05:18.664,93404.5,93541.4,93507.78,93528.46
2024-11-26T10:05:18.684,93404.5,93541.4,93507.81,93529.59
2024-11-26T10:05:18.704,93404.5,93541.4,93505.7,93529.69
2024-11-26T10:05:18.724,93404.5,93541.4,93505.36,93529.81
2024-11-26T10:05:18.744,93404.5,93541.4,93507.73,93530.24
2024-11-26T10:05:18.764,93404.5,93541.4,93507.695,93530.2
2024-11-26T10:05:18.784,93404.5,93541.4,93507.734,93529.875
2024-11-26T10:05:18.804,93404.5,93541.4,93507.16,93529.09
2024-11-26T10:05:18.824,93404.5,93541.4,93506.89,93529.17
2024-11-26T10:05:18.845,93404.5,93541.4,93507.05,93529.23
2024-11-26T10:05:18.864,93404.5,93541.4,93507.05,93529.586
2024-11-26T10:05:18.884,93404.5,93541.4,93507.01,93529.28
2024-11-26T10:05:18.904,93404.5,93541.4,93506.82,93529.28
2024-11-26T10:05:18.924,93404.5,93541.4,93507.11,93529.27
2024-11-26T10:05:18.944,93404.5,93541.4,93507.45,93529.24
2024-11-26T10:05:18.964,93404.5,93541.4,93507.6,93529.24
2024-11-26T10:05:18.985,93404.5,93541.4,93507.086,93528.734
2024-11-26T10:05:19.004,93404.5,93541.4,93506.95,93528.52
2024-11-26T10:05:19.024,93404.5,93541.4,93506.875,93528.54
2024-11-26T10:05:19.044,93404.5,93541.4,93506.74,93528.38
2024-11-26T10:05:19.064,93404.5,93541.4,93506.74,93528.83
2024-11-26T10:05:19.084,93404.5,93541.4,93506.74,93528.94
2024-11-26T10:05:19.104,93404.5,93541.4,93506.625,93528.94
2024-11-26T10:05:19.124,93404.5,93541.4,93506.82,93528.94
2024-11-26T10:05:19.144,93404.5,93541.4,93506.82,93528.9
2024-11-26T10:05:19.164,93404.5,93541.4,93507.37,93528.88
2024-11-26T10:05:19.184,93404.5,93541.4,93507.37,93528.34
2024-11-26T10:05:19.204,93404.5,93541.4,93507.76,93528.2
2024-11-26T10:05:19.224,93404.5,93541.4,93507.87,93528.21
2024-11-26T10:05:19.264,93404.5,93541.4,93508.44,93529.086
2024-11-26T10:05:19.285,93404.5,93541.4,93508.65,93529.3
2024-11-26T10:05:19.304,93404.5,93541.4,93508.66,93529.28
2024-11-26T10:05:19.344,93404.5,93541.4,93508.13,93529.04
2024-11-26T10:05:19.364,93404.5,93541.4,93509.58,93529.19
2024-11-26T10:05:19.384,93404.5,93541.4,93509.46,93529.32
2024-11-26T10:05:19.405,93404.5,93541.4,93508.95,93529.24
2024-11-26T10:05:19.424,93404.5,93541.4,93509.34,93529.11
2024-11-26T10:05:19.444,93404.5,93541.4,93509.53,93528.96
2024-11-26T10:05:19.464,93404.5,93541.4,93509.266,93528.88
2024-11-26T10:05:19.485,93404.5,93541.4,93509.266,93529.13
2024-11-26T10:05:19.504,93404.5,93541.4,93510.18,93529.26
2024-11-26T10:05:19.524,93404.5,93541.4,93510.17,93529.15
2024-11-26T10:05:19.544,93404.5,93541.4,93510.17,93529.01
2024-11-26T10:05:19.564,93404.5,93541.4,93510.3,93529.01
2024-11-26T10:05:19.585,93404.5,93541.4,93510.49,93528.95
2024-11-26T10:05:19.605,93404.5,93541.4,93510.51,93529.21
2024-11-26T10:05:19.625,93404.5,93541.4,93510.51,93529.14
2024-11-26T10:05:19.644,93404.5,93541.4,93510.51,93529.08
2024-11-26T10:05:19.664,93404.5,93541.4,93510.51,93528.74
2024-11-26T10:05:19.684,93404.5,93541.4,93510.23,93529.35
2024-11-26T10:05:19.704,93404.5,93541.4,93510.29,93529.516
2024-11-26T10:05:19.724,93404.5,93541.4,93510.41,93529.42
2024-11-26T10:05:19.764,93404.5,93541.4,93510.41,93529.51
2024-11-26T10:05:19.784,93404.5,93541.4,93510.414,93529.51
2024-11-26T10:05:19.804,93404.5,93541.4,93510.414,93529.51
2024-11-26T10:05:19.845,93404.5,93541.4,93510.46,93529.94
2024-11-26T10:05:19.864,93404.5,93541.4,93510.32,93529.98
2024-11-26T10:05:19.884,93404.5,93541.4,93510.32,93529.98
2024-11-26T10:05:19.904,93404.5,93541.4,93510.32,93530.24
2024-11-26T10:05:19.925,93404.5,93541.4,93510.32,93530.24
2024-11-26T10:05:19.984,93404.5,93541.4,93510.32,93530.24
2024-11-26T10:05:20.004,93404.5,93541.4,93510.32,93530.5
2024-11-26T10:05:20.024,93404.5,93541.4,93510.06,93529.836
2024-11-26T10:05:20.044,93404.5,93541.4,93507.79,93529.3
2024-11-26T10:05:20.064,93404.5,93541.4,93507.555,93529.56
2024-11-26T10:05:20.084,93404.5,93541.4,93509.14,93529.56
2024-11-26T10:05:20.104,93404.5,93541.4,93509.24,93529.52
2024-11-26T10:05:20.124,93404.5,93541.4,93509.336,93529.42
2024-11-26T10:05:20.144,93404.5,93541.4,93508.41,93529.53
2024-11-26T10:05:20.164,93404.5,93541.4,93507.97,93525.97
2024-11-26T10:05:20.184,93404.5,93541.4,93506.85,93525.664
2024-11-26T10:05:20.204,93404.5,93541.4,93507.125,93526.02
2024-11-26T10:05:20.224,93404.5,93541.4,93506.81,93526.04
2024-11-26T10:05:20.244,93404.5,93541.4,93506.72,93526.055
2024-11-26T10:05:20.264,93404.5,93541.4,93506.72,93526.09
2024-11-26T10:05:20.284,93404.5,93541.4,93506.74,93526.09
2024-11-26T10:05:20.304,93404.5,93541.4,93506.74,93526.11
2024-11-26T10:05:20.324,93404.5,93541.4,93507.18,93525.69
2024-11-26T10:05:20.344,93404.5,93541.4,93507.02,93525.875
2024-11-26T10:05:20.384,93404.5,93541.4,93506.88,93525.875
2024-11-26T10:05:20.404,93404.5,93541.4,93506.73,93525.914
2024-11-26T10:05:20.444,93404.5,93541.4,93506.63,93525.914
2024-11-26T10:05:20.464,93404.5,93541.4,93507.77,93526.15
2024-11-26T10:05:20.484,93404.5,93541.4,93507.08,93526.28
2024-11-26T10:05:20.504,93404.5,93541.4,93507.08,93526.29
2024-11-26T10:05:20.524,93404.5,93541.4,93507.08,93526.26
2024-11-26T10:05:20.544,93404.5,93541.4,93507.08,93524.92
2024-11-26T10:05:20.584,93404.5,93541.4,93507.14,93524.92
2024-11-26T10:05:20.624,93404.5,93541.4,93507.28,93524.72
2024-11-26T10:05:20.644,93404.5,93541.4,93507.14,93524.586
2024-11-26T10:05:20.664,93404.5,93541.4,93507.14,93524.36
2024-11-26T10:05:20.684,93404.5,93541.4,93507.164,93524.305
2024-11-26T10:05:20.704,93404.5,93541.4,93507.17,93524.305
2024-11-26T10:05:20.724,93404.5,93541.4,93507.17,93524.74
2024-11-26T10:05:20.744,93404.5,93541.4,93507.3,93524.84
2024-11-26T10:05:20.764,93404.5,93541.4,93507.17,93524.84
2024-11-26T10:05:20.804,93404.5,93541.4,93507.17,93524.836
2024-11-26T10:05:20.845,93404.5,93541.4,93509.59,93525.47
2024-11-26T10:05:20.864,93404.5,93541.4,93509.59,93525.336
2024-11-26T10:05:20.884,93404.5,93541.4,93507.48,93525.29
2024-11-26T10:05:20.904,93404.5,93541.4,93507.25,93525.68
2024-11-26T10:05:20.924,93404.5,93541.4,93507.766,93525.98
2024-11-26T10:05:20.944,93404.5,93541.4,93507.71,93525.79
2024-11-26T10:05:20.964,93404.5,93541.4,93507.78,93525.81
2024-11-26T10:05:20.984,93404.5,93541.4,93503.29,93519.92
2024-11-26T10:05:21.004,93404.5,93541.4,93499.78,93517.164
2024-11-26T10:05:21.024,93404.5,93541.4,93496.72,93515.16
2024-11-26T10:05:21.044,93404.5,93541.4,93495.71,93515.75
2024-11-26T10:05:21.064,93404.5,93541.4,93495.43,93516.0
2024-11-26T10:05:21.084,93404.5,93541.4,93495.43,93516.03
2024-11-26T10:05:21.104,93404.5,93541.4,93496.35,93516.17
2024-11-26T10:05:21.124,93404.5,93541.4,93496.984,93517.97
2024-11-26T10:05:21.144,93404.5,93541.4,93499.96,93527.92
2024-11-26T10:05:21.164,93404.5,93541.4,93509.766,93525.07
2024-11-26T10:05:21.184,93404.5,93541.4,93508.72,93528.16
2024-11-26T10:05:21.204,93404.5,93541.4,93510.08,93528.4
2024-11-26T10:05:21.224,93404.5,93541.4,93509.914,93530.01
2024-11-26T10:05:21.244,93404.5,93541.4,93510.08,93525.45
2024-11-26T10:05:21.264,93404.5,93541.4,93510.05,93523.2
2024-11-26T10:05:21.284,93404.5,93541.4,93510.04,93524.19
2024-11-26T10:05:21.304,93404.5,93541.4,93510.08,93523.57
2024-11-26T10:05:21.324,93404.5,93541.4,93510.1,93523.52
2024-11-26T10:05:21.344,93404.5,93541.4,93510.11,93524.53
2024-11-26T10:05:21.365,93404.5,93541.4,93510.766,93524.664
2024-11-26T10:05:21.384,93404.5,93541.4,93510.76,93524.76
2024-11-26T10:05:21.404,93404.5,93541.4,93510.03,93524.36
2024-11-26T10:05:21.424,93404.5,93541.4,93510.01,93524.63
2024-11-26T10:05:21.444,93404.5,93541.4,93510.0,93524.63
2024-11-26T10:05:21.485,93404.5,93541.4,93509.875,93524.695
2024-11-26T10:05:21.504,93404.5,93541.4,93510.29,93524.62
2024-11-26T10:05:21.525,93404.5,93541.4,93511.15,93524.57
2024-11-26T10:05:21.544,93404.5,93541.4,93511.08,93524.4
2024-11-26T10:05:21.564,93404.5,93541.4,93511.03,93523.86
2024-11-26T10:05:21.584,93404.5,93541.4,93505.25,93522.08
2024-11-26T10:05:21.604,93404.5,93541.4,93504.63,93515.19
2024-11-26T10:05:21.624,93404.5,93541.4,93499.58,93515.02
2024-11-26T10:05:21.644,93404.5,93541.4,93500.32,93512.17
2024-11-26T10:05:21.664,93404.5,93541.4,93509.086,93527.01
2024-11-26T10:05:21.684,93404.5,93541.4,93514.41,93530.34
2024-11-26T10:05:21.704,93404.5,93541.4,93512.805,93530.414
2024-11-26T10:05:21.724,93404.5,93541.4,93515.88,93532.24
2024-11-26T10:05:21.744,93404.5,93541.4,93516.25,93532.68
2024-11-26T10:05:21.764,93404.5,93541.4,93517.61,93532.734
2024-11-26T10:05:21.784,93404.5,93541.4,93518.05,93532.36
2024-11-26T10:05:21.804,93404.5,93541.4,93518.43,93532.58
2024-11-26T10:05:21.824,93404.5,93541.4,93518.5,93535.62
2024-11-26T10:05:21.844,93404.5,93541.4,93520.83,93535.625
2024-11-26T10:05:21.864,93404.5,93541.4,93517.63,93535.805
2024-11-26T10:05:21.884,93404.5,93541.4,93518.52,93536.01
2024-11-26T10:05:21.904,93404.5,93541.4,93518.72,93533.984
2024-11-26T10:05:21.924,93404.5,93541.4,93519.195,93533.74
2024-11-26T10:05:21.944,93404.5,93541.4,93519.125,93533.75
2024-11-26T10:05:21.964,93404.5,93541.4,93520.33,93533.83
2024-11-26T10:05:21.984,93404.5,93541.4,93521.39,93533.83
2024-11-26T10:05:22.004,93404.5,93541.6,93520.77,93534.05
2024-11-26T10:05:22.024,93404.5,93541.6,93522.195,93533.49
2024-11-26T10:05:22.045,93404.5,93541.6,93522.18,93533.5
2024-11-26T10:05:22.084,93404.5,93541.6,93522.12,93533.5
2024-11-26T10:05:22.104,93404.5,93541.6,93522.14,93533.414
2024-11-26T10:05:22.124,93404.5,93541.6,93522.13,93533.51
2024-11-26T10:05:22.144,93404.5,93541.6,93522.125,93533.58
2024-11-26T10:05:22.164,93404.5,93541.6,93522.125,93533.58
2024-11-26T10:05:22.184,93404.5,93541.6,93522.664,93533.58
2024-11-26T10:05:22.204,93404.5,93541.6,93522.36,93533.58
2024-11-26T10:05:22.224,93404.5,93541.6,93522.67,93533.44
2024-11-26T10:05:22.244,93404.5,93541.6,93522.67,93533.44
2024-11-26T10:05:22.264,93404.5,93541.6,93522.67,93533.445
2024-11-26T10:05:22.304,93404.5,93541.6,93522.67,93533.76
2024-11-26T10:05:22.324,93404.5,93541.6,93522.68,93534.125
2024-11-26T10:05:22.344,93404.5,93542.0,93523.555,93534.59
2024-11-26T10:05:22.364,93404.5,93542.0,93521.336,93535.46
2024-11-26T10:05:22.384,93404.5,93543.9,93524.305,93538.305
2024-11-26T10:05:22.404,93404.5,93543.9,93526.88,93538.34
2024-11-26T10:05:22.424,93404.5,93545.1,93526.445,93540.51
2024-11-26T10:05:22.444,93404.5,93546.6,93528.86,93540.664
2024-11-26T10:05:22.464,93404.5,93546.6,93527.82,93540.85
2024-11-26T10:05:22.484,93404.5,93548.3,93530.6,93541.46
2024-11-26T10:05:22.504,93404.5,93548.5,93528.71,93540.984
2024-11-26T10:05:22.524,93404.5,93548.5,93528.32,93541.01
2024-11-26T10:05:22.544,93404.5,93548.5,93528.32,93541.01
2024-11-26T10:05:22.564,93404.5,93548.5,93528.13,93541.58
2024-11-26T10:05:22.584,93404.5,93548.7,93528.44,93541.55
2024-11-26T10:05:22.604,93404.5,93548.7,93528.41,93541.65
2024-11-26T10:05:22.624,93404.5,93548.7,93529.27,93541.63
2024-11-26T10:05:22.644,93404.5,93548.7,93528.945,93538.35
2024-11-26T10:05:22.664,93404.5,93548.9,93526.914,93537.984
2024-11-26T10:05:22.684,93404.5,93548.9,93529.164,93538.016
2024-11-26T10:05:22.704,93404.5,93548.9,93529.27,93538.05
2024-11-26T10:05:22.725,93404.5,93548.9,93528.664,93537.92
2024-11-26T10:05:22.745,93404.5,93549.0,93528.664,93540.14
2024-11-26T10:05:22.764,93404.5,93549.0,93528.55,93538.96
2024-11-26T10:05:22.785,93404.5,93549.0,93528.5,93538.66
2024-11-26T10:05:22.805,93404.5,93549.0,93528.41,93538.8
2024-11-26T10:05:22.824,93404.5,93549.0,93528.41,93538.57
2024-11-26T10:05:22.844,93404.5,93549.0,93528.27,93538.57
2024-11-26T10:05:22.864,93404.5,93549.0,93528.27,93538.805
2024-11-26T10:05:22.884,93404.5,93549.0,93528.73,93539.414
2024-11-26T10:05:22.904,93404.5,93549.0,93528.914,93539.58
2024-11-26T10:05:22.924,93404.5,93549.0,93528.945,93539.44
2024-11-26T10:05:22.965,93404.5,93549.0,93528.81,93539.44
2024-11-26T10:05:22.984,93404.5,93549.0,93528.74,93539.375
2024-11-26T10:05:23.004,93404.5,93549.0,93527.99,93538.86
2024-11-26T10:05:23.024,93404.5,93549.0,93522.63,93536.06
2024-11-26T10:05:23.044,93404.5,93549.0,93521.26,93531.87
2024-11-26T10:05:23.064,93404.5,93549.0,93522.76,93532.16
2024-11-26T10:05:23.084,93404.5,93549.0,93522.3,93533.41
2024-11-26T10:05:23.104,93404.5,93549.0,93522.66,93534.55
2024-11-26T10:05:23.125,93404.5,93549.0,93522.95,93534.24
2024-11-26T10:05:23.144,93404.5,93549.0,93520.914,93533.57
2024-11-26T10:05:23.164,93404.5,93549.0,93519.71,93529.625
2024-11-26T10:05:23.184,93404.5,93549.0,93519.44,93529.055
2024-11-26T10:05:23.204,93404.5,93549.0,93519.15,93529.15
2024-11-26T10:05:23.224,93404.5,93549.0,93519.15,93531.016
2024-11-26T10:05:23.244,93404.5,93549.0,93519.24,93529.1
2024-11-26T10:05:23.264,93404.5,93549.0,93519.22,93529.85
2024-11-26T10:05:23.284,93404.5,93549.0,93519.15,93529.87
2024-11-26T10:05:23.304,93404.5,93549.0,93518.625,93528.22
2024-11-26T10:05:23.324,93404.5,93549.0,93518.64,93528.35
2024-11-26T10:05:23.344,93404.5,93549.0,93518.64,93528.734
2024-11-26T10:05:23.364,93404.5,93549.0,93518.484,93529.72
2024-11-26T10:05:23.384,93404.5,93549.0,93519.57,93531.95
2024-11-26T10:05:23.404,93404.5,93549.0,93521.16,93532.18
2024-11-26T10:05:23.424,93404.5,93549.0,93524.12,93533.68
2024-11-26T10:05:23.444,93404.5,93549.0,93521.55,93533.84
2024-11-26T10:05:23.464,93404.5,93549.0,93521.37,93532.47
2024-11-26T10:05:23.484,93404.5,93549.0,93521.37,93533.805
2024-11-26T10:05:23.504,93404.5,93549.0,93523.27,93540.09
2024-11-26T10:05:23.524,93404.5,93549.0,93523.95,93538.5
2024-11-26T10:05:23.544,93404.5,93549.0,93521.45,93535.0
2024-11-26T10:05:23.564,93404.5,93549.0,93521.09,93533.09
2024-11-26T10:05:23.584,93404.5,93549.0,93519.47,93533.836
2024-11-26T10:05:23.604,93404.5,93549.0,93519.02,93530.77
2024-11-26T10:05:23.624,93404.5,93549.0,93519.0,93531.17
2024-11-26T10:05:23.644,93404.5,93549.0,93519.03,93530.89
2024-11-26T10:05:23.664,93404.5,93549.0,93519.125,93531.016
2024-11-26T10:05:23.684,93404.5,93549.0,93521.57,93530.7
2024-11-26T10:05:23.704,93404.5,93549.0,93521.445,93531.0
2024-11-26T10:05:23.724,93404.5,93549.0,93521.445,93531.43
2024-11-26T10:05:23.744,93404.5,93549.0,93521.47,93531.91
2024-11-26T10:05:23.764,93404.5,93549.0,93521.53,93532.664
2024-11-26T10:05:23.785,93404.5,93549.0,93521.58,93532.625
2024-11-26T10:05:23.804,93404.5,93549.0,93521.58,93533.23
2024-11-26T10:05:23.825,93404.5,93549.0,93521.58,93533.25
2024-11-26T10:05:23.844,93404.5,93549.0,93521.5,93533.24
2024-11-26T10:05:23.864,93404.5,93549.0,93521.5,93533.14
2024-11-26T10:05:23.884,93404.5,93549.0,93521.5,93533.14
2024-11-26T10:05:23.904,93404.5,93549.0,93521.5,93533.46
2024-11-26T10:05:23.924,93404.5,93549.0,93521.58,93531.49
2024-11-26T10:05:23.944,93404.5,93549.0,93521.58,93531.53
2024-11-26T10:05:23.965,93404.5,93549.0,93521.58,93531.77
2024-11-26T10:05:24.004,93404.5,93549.0,93521.58,93532.01
2024-11-26T10:05:24.024,93404.5,93549.0,93521.58,93531.65
2024-11-26T10:05:24.044,93404.5,93549.0,93521.58,93531.516
2024-11-26T10:05:24.064,93404.5,93549.0,93521.49,93531.336
2024-11-26T10:05:24.085,93404.5,93549.0,93521.01,93530.95
2024-11-26T10:05:24.104,93404.5,93549.0,93520.516,93531.11
2024-11-26T10:05:24.124,93404.5,93549.0,93520.516,93531.09
2024-11-26T10:05:24.145,93404.5,93549.0,93520.516,93531.52
2024-11-26T10:05:24.164,93404.5,93549.0,93520.516,93531.2
2024-11-26T10:05:24.184,93404.5,93549.0,93518.875,93530.41
2024-11-26T10:05:24.204,93404.5,93549.0,93516.78,93529.875
2024-11-26T10:05:24.224,93404.5,93549.0,93512.016,93530.18
2024-11-26T10:05:24.244,93404.5,93549.0,93509.02,93523.09
2024-11-26T10:05:24.264,93404.5,93549.0,93508.88,93522.42
2024-11-26T10:05:24.284,93404.5,93549.0,93508.914,93523.65
2024-11-26T10:05:24.304,93404.5,93549.0,93509.26,93523.78
2024-11-26T10:05:24.324,93404.5,93549.0,93509.13,93523.086
2024-11-26T10:05:24.344,93404.5,93549.0,93509.84,93523.51
2024-11-26T10:05:24.364,93404.5,93549.0,93509.99,93523.63
2024-11-26T10:05:24.384,93404.5,93549.0,93509.945,93523.63
2024-11-26T10:05:24.404,93404.5,93549.0,93509.945,93523.62
2024-11-26T10:05:24.424,93404.5,93549.0,93511.32,93523.47
2024-11-26T10:05:24.444,93404.5,93549.0,93511.64,93523.47
2024-11-26T10:05:24.464,93404.5,93549.0,93512.164,93524.67
2024-11-26T10:05:24.484,93404.5,93549.0,93512.17,93526.55
2024-11-26T10:05:24.504,93404.5,93549.0,93512.13,93526.52
2024-11-26T10:05:24.524,93404.5,93549.0,93512.41,93526.54
2024-11-26T10:05:24.544,93404.5,93549.0,93512.43,93526.54
2024-11-26T10:05:24.564,93404.5,93549.0,93512.44,93526.586
2024-11-26T10:05:24.585,93404.5,93549.0,93512.47,93527.64
2024-11-26T10:05:24.604,93404.5,93549.0,93512.58,93527.33
2024-11-26T10:05:24.624,93404.5,93549.0,93512.695,93529.93
2024-11-26T10:05:24.644,93404.5,93549.0,93512.695,93529.9
2024-11-26T10:05:24.664,93404.5,93549.0,93512.484,93529.88
2024-11-26T10:05:24.684,93404.5,93549.0,93512.31,93530.28
2024-11-26T10:05:24.704,93404.5,93549.0,93512.375,93528.1
2024-11-26T10:05:24.724,93404.5,93549.0,93512.695,93529.05
2024-11-26T10:05:24.744,93404.5,93549.0,93512.6,93527.92
2024-11-26T10:05:24.764,93404.5,93549.0,93512.97,93528.6
2024-11-26T10:05:24.784,93404.5,93549.0,93512.98,93528.61
2024-11-26T10:05:24.804,93404.5,93549.0,93512.93,93529.9
2024-11-26T10:05:24.824,93404.5,93549.0,93512.945,93529.86
2024-11-26T10:05:24.844,93404.5,93549.0,93512.945,93530.19
2024-11-26T10:05:24.864,93404.5,93549.0,93512.914,93530.71
2024-11-26T10:05:24.884,93404.5,93549.0,93512.91,93530.71
2024-11-26T10:05:24.904,93404.5,93549.0,93512.88,93530.695
2024-11-26T10:05:24.924,93404.5,93549.0,93512.9,93530.695
2024-11-26T10:05:24.944,93404.5,93549.0,93512.83,93530.72
2024-11-26T10:05:24.984,93404.5,93549.0,93512.836,93531.945
2024-11-26T10:05:25.004,93404.5,93549.0,93512.875,93532.055
2024-11-26T10:05:25.024,93404.5,93549.0,93512.875,93532.05
2024-11-26T10:05:25.044,93404.5,93549.0,93512.89,93532.04
2024-11-26T10:05:25.064,93404.5,93549.0,93513.93,93532.0
2024-11-26T10:05:25.084,93404.5,93549.0,93513.86,93531.98
2024-11-26T10:05:25.104,93404.5,93549.0,93517.266,93533.17
2024-11-26T10:05:25.124,93404.5,93549.0,93517.01,93531.99
2024-11-26T10:05:25.144,93404.5,93549.0,93517.555,93533.516
2024-11-26T10:05:25.164,93404.5,93549.0,93518.74,93532.86
2024-11-26T10:05:25.184,93404.5,93549.0,93518.69,93533.68
2024-11-26T10:05:25.204,93404.5,93549.0,93518.63,93533.67
2024-11-26T10:05:25.224,93404.5,93549.0,93518.766,93533.67
2024-11-26T10:05:25.244,93404.5,93549.0,93518.805,93533.56
2024-11-26T10:05:25.264,93404.5,93549.0,93518.86,93533.0
2024-11-26T10:05:25.284,93404.5,93549.0,93518.78,93533.0
2024-11-26T10:05:25.304,93404.5,93549.0,93518.65,93532.96
2024-11-26T10:05:25.324,93404.5,93549.0,93519.27,93532.96
2024-11-26T10:05:25.344,93404.5,93549.0,93519.27,93532.84
2024-11-26T10:05:25.364,93404.5,93549.0,93519.33,93531.836
2024-11-26T10:05:25.384,93404.5,93549.0,93518.99,93531.94
2024-11-26T10:05:25.404,93404.5,93549.0,93518.84,93532.22
2024-11-26T10:05:25.424,93404.5,93549.0,93518.91,93532.23
2024-11-26T10:05:25.445,93404.5,93549.0,93519.06,93532.31
2024-11-26T10:05:25.465,93404.5,93549.0,93519.22,93532.2
2024-11-26T10:05:25.485,93404.5,93549.0,93519.22,93532.26
2024-11-26T10:05:25.504,93404.5,93549.0,93519.22,93532.164
2024-11-26T10:05:25.524,93404.5,93549.0,93519.16,93532.41
2024-11-26T10:05:25.544,93404.5,93549.0,93518.836,93532.086
2024-11-26T10:05:25.564,93404.5,93549.0,93518.9,93532.37
2024-11-26T10:05:25.585,93404.5,93549.0,93518.87,93531.88
2024-11-26T10:05:25.604,93404.5,93549.0,93518.87,93532.31
2024-11-26T10:05:25.624,93404.5,93549.0,93518.87,93532.305
2024-11-26T10:05:25.644,93404.5,93549.0,93518.914,93532.33
2024-11-26T10:05:25.665,93404.5,93549.0,93518.18,93534.016
2024-11-26T10:05:25.684,93404.5,93549.0,93518.484,93534.11
2024-11-26T10:05:25.704,93404.5,93549.0,93518.34,93533.48
2024-11-26T10:05:25.724,93404.5,93549.0,93520.164,93533.04
2024-11-26T10:05:25.744,93404.5,93549.0,93519.05,93532.96
2024-11-26T10:05:25.765,93404.5,93549.0,93519.1,93532.72
2024-11-26T10:05:25.784,93404.5,93549.0,93519.05,93532.7
2024-11-26T10:05:25.804,93404.5,93549.0,93519.05,93533.28
2024-11-26T10:05:25.824,93404.5,93549.0,93519.37,93532.8
2024-11-26T10:05:25.844,93404.5,93549.0,93519.4,93532.8
2024-11-26T10:05:25.864,93404.5,93549.0,93519.37,93533.39
2024-11-26T10:05:25.884,93404.5,93549.0,93519.37,93533.445
2024-11-26T10:05:25.904,93404.5,93549.0,93519.336,93533.586
2024-11-26T10:05:25.924,93404.5,93549.0,93519.38,93533.586
2024-11-26T10:05:25.944,93404.5,93549.0,93519.56,93533.914
2024-11-26T10:05:25.964,93404.5,93549.0,93519.555,93533.984
2024-11-26T10:05:25.985,93404.5,93549.0,93519.63,93533.445
2024-11-26T10:05:26.004,93404.5,93549.0,93519.48,93533.37
2024-11-26T10:05:26.064,93404.5,93549.0,93519.48,93533.305
2024-11-26T10:05:26.085,93404.5,93549.0,93518.91,93533.45
2024-11-26T10:05:26.104,93404.5,93549.0,93517.56,93533.44
2024-11-26T10:05:26.124,93404.5,93549.0,93517.52,93533.57
2024-11-26T10:05:26.144,93404.5,93549.0,93517.43,93533.17
2024-11-26T10:05:26.165,93404.5,93549.0,93517.4,93533.17
2024-11-26T10:05:26.184,93404.5,93549.0,93517.44,93533.15
2024-11-26T10:05:26.204,93404.5,93549.0,93516.35,93533.164
2024-11-26T10:05:26.224,93404.5,93549.0,93516.36,93533.12
2024-11-26T10:05:26.244,93404.5,93549.0,93516.21,93533.12
2024-11-26T10:05:26.264,93404.5,93549.0,93516.234,93533.12
2024-11-26T10:05:26.284,93404.5,93549.0,93516.234,93533.06
2024-11-26T10:05:26.304,93404.5,93549.0,93516.234,93533.195
2024-11-26T10:05:26.324,93404.5,93549.0,93515.52,93533.18
2024-11-26T10:05:26.344,93404.5,93549.0,93515.516,93533.18
2024-11-26T10:05:26.364,93404.5,93549.0,93515.49,93533.195
2024-11-26T10:05:26.384,93404.5,93549.0,93515.52,93533.18
2024-11-26T10:05:26.404,93404.5,93549.0,93515.07,93526.57
2024-11-26T10:05:26.424,93404.5,93549.0,93514.84,93525.58
2024-11-26T10:05:26.444,93404.5,93549.0,93513.15,93526.23
2024-11-26T10:05:26.464,93404.5,93549.0,93513.13,93526.43
2024-11-26T10:05:26.484,93404.5,93549.0,93513.83,93526.016
2024-11-26T10:05:26.504,93404.5,93549.0,93511.94,93525.375
2024-11-26T10:05:26.524,93404.5,93549.0,93509.7,93523.34
2024-11-26T10:05:26.544,93404.5,93549.0,93506.06,93520.266
2024-11-26T10:05:26.564,93404.5,93549.0,93505.305,93516.04
2024-11-26T10:05:26.584,93404.5,93549.0,93505.06,93516.45
2024-11-26T10:05:26.604,93404.5,93549.0,93502.61,93519.13
2024-11-26T10:05:26.624,93404.5,93549.0,93500.664,93517.89
2024-11-26T10:05:26.644,93404.5,93549.0,93501.16,93518.81
2024-11-26T10:05:26.664,93404.5,93549.0,93501.58,93518.82
2024-11-26T10:05:26.684,93404.5,93549.0,93501.305,93518.68
2024-11-26T10:05:26.704,93404.5,93549.0,93501.414,93518.56
2024-11-26T10:05:26.724,93404.5,93549.0,93501.32,93518.93
2024-11-26T10:05:26.744,93404.5,93549.0,93502.01,93518.92
2024-11-26T10:05:26.764,93404.5,93549.0,93502.055,93519.01
2024-11-26T10:05:26.785,93404.5,93549.0,93502.195,93519.42
2024-11-26T10:05:26.804,93404.5,93549.0,93502.195,93519.31
2024-11-26T10:05:26.824,93404.5,93549.0,93502.66,93518.98
2024-11-26T10:05:26.844,93404.5,93549.0,93502.65,93518.98
2024-11-26T10:05:26.864,93404.5,93549.0,93502.62,93519.055
2024-11-26T10:05:26.884,93404.5,93549.0,93502.58,93519.055
2024-11-26T10:05:26.904,93404.5,93549.0,93502.58,93519.055
2024-11-26T10:05:26.924,93404.5,93549.0,93502.04,93519.06
2024-11-26T10:05:26.944,93404.5,93549.0,93501.99,93519.06
2024-11-26T10:05:26.964,93404.5,93549.0,93502.0,93519.06
2024-11-26T10:05:26.984,93404.5,93549.0,93501.84,93519.0
2024-11-26T10:05:27.004,93404.5,93549.0,93501.84,93518.914
2024-11-26T10:05:27.024,93404.5,93549.0,93501.85,93518.914
2024-11-26T10:05:27.044,93404.5,93549.0,93502.49,93518.89
2024-11-26T10:05:27.064,93404.5,93549.0,93502.45,93518.89
2024-11-26T10:05:27.084,93404.5,93549.0,93502.85,93518.89
2024-11-26T10:05:27.104,93404.5,93549.0,93502.38,93518.96
2024-11-26T10:05:27.124,93404.5,93549.0,93502.0,93518.95
2024-11-26T10:05:27.144,93404.5,93549.0,93501.06,93518.66
2024-11-26T10:05:27.164,93404.5,93549.0,93498.65,93507.945
2024-11-26T10:05:27.184,93404.5,93549.0,93499.09,93520.25
2024-11-26T10:05:27.204,93404.5,93549.0,93499.086,93521.24
2024-11-26T10:05:27.224,93404.5,93549.0,93499.19,93522.07
2024-11-26T10:05:27.244,93404.5,93549.0,93498.805,93523.94
2024-11-26T10:05:27.264,93404.5,93549.0,93502.03,93524.54
2024-11-26T10:05:27.284,93404.5,93549.0,93501.48,93524.02
2024-11-26T10:05:27.304,93404.5,93549.0,93501.58,93523.164
2024-11-26T10:05:27.324,93404.5,93549.0,93500.805,93521.96
2024-11-26T10:05:27.344,93404.5,93549.0,93500.04,93522.016
2024-11-26T10:05:27.364,93404.5,93549.0,93501.75,93521.984
2024-11-26T10:05:27.384,93404.5,93549.0,93501.72,93522.0
2024-11-26T10:05:27.404,93404.5,93549.0,93501.62,93522.06
2024-11-26T10:05:27.424,93404.5,93549.0,93501.734,93520.914
2024-11-26T10:05:27.444,93404.5,93549.0,93501.71,93520.97
2024-11-26T10:05:27.464,93404.5,93549.0,93501.48,93521.28
2024-11-26T10:05:27.484,93404.5,93549.0,93501.43,93521.28
2024-11-26T10:05:27.524,93404.5,93549.0,93501.48,93521.2
2024-11-26T10:05:27.544,93404.5,93549.0,93500.51,93521.23
2024-11-26T10:05:27.564,93404.5,93549.0,93500.5,93521.23
2024-11-26T10:05:27.584,93404.5,93549.0,93500.5,93521.234
2024-11-26T10:05:27.604,93404.5,93549.0,93500.69,93521.22
2024-11-26T10:05:27.624,93404.5,93549.0,93500.734,93521.234
2024-11-26T10:05:27.644,93404.5,93549.0,93500.58,93521.23
2024-11-26T10:05:27.664,93404.5,93549.0,93500.72,93521.23
2024-11-26T10:05:27.684,93404.5,93549.0,93501.02,93521.53
2024-11-26T10:05:27.704,93404.5,93549.0,93500.305,93521.23
2024-11-26T10:05:27.724,93404.5,93549.0,93500.24,93521.234
2024-11-26T10:05:27.744,93404.5,93549.0,93500.305,93521.164
2024-11-26T10:05:27.764,93404.5,93549.0,93500.4,93521.28
2024-11-26T10:05:27.784,93404.5,93549.0,93501.19,93521.43
2024-11-26T10:05:27.804,93404.5,93549.0,93501.19,93521.5
2024-11-26T10:05:27.824,93404.5,93549.0,93500.414,93521.56
2024-11-26T10:05:27.844,93404.5,93549.0,93500.71,93521.46
2024-11-26T10:05:27.864,93404.5,93549.0,93500.695,93521.46
2024-11-26T10:05:27.884,93404.5,93549.0,93501.18,93521.46
2024-11-26T10:05:27.904,93404.5,93549.0,93501.18,93521.58
2024-11-26T10:05:27.924,93404.5,93549.0,93501.18,93521.445
2024-11-26T10:05:27.944,93404.5,93549.0,93501.22,93521.36
2024-11-26T10:05:27.964,93404.5,93549.0,93501.43,93521.445
2024-11-26T10:05:27.984,93404.5,93549.0,93501.77,93521.89
2024-11-26T10:05:28.004,93404.5,93549.0,93501.56,93521.92
2024-11-26T10:05:28.024,93404.5,93549.0,93501.305,93522.18
2024-11-26T10:05:28.044,93404.5,93549.0,93501.33,93522.62
2024-11-26T10:05:28.064,93404.5,93549.0,93501.34,93522.45
2024-11-26T10:05:28.084,93404.5,93549.0,93501.63,93522.51
2024-11-26T10:05:28.104,93404.5,93549.0,93501.63,93522.52
2024-11-26T10:05:28.124,93404.5,93549.0,93501.75,93522.52
2024-11-26T10:05:28.164,93404.5,93549.0,93501.75,93522.52
2024-11-26T10:05:28.184,93404.5,93549.0,93501.73,93522.85
2024-11-26T10:05:28.204,93404.5,93549.0,93501.83,93522.27
2024-11-26T10:05:28.224,93404.5,93549.0,93501.51,93522.266
2024-11-26T10:05:28.244,93404.5,93549.0,93501.586,93522.2
2024-11-26T10:05:28.265,93404.5,93549.0,93501.75,93522.445
2024-11-26T10:05:28.284,93404.5,93549.0,93501.6,93522.23
2024-11-26T10:05:28.304,93404.5,93549.0,93501.2,93522.09
2024-11-26T10:05:28.324,93404.5,93549.0,93501.2,93522.08
2024-11-26T10:05:28.344,93404.5,93549.0,93501.31,93521.86
2024-11-26T10:05:28.364,93404.5,93549.0,93501.31,93521.85
2024-11-26T10:05:28.384,93404.5,93549.0,93501.305,93521.85
2024-11-26T10:05:28.404,93404.5,93549.0,93500.555,93521.84
2024-11-26T10:05:28.424,93404.5,93549.0,93500.67,93521.836
2024-11-26T10:05:28.444,93404.5,93549.0,93500.664,93521.836
2024-11-26T10:05:28.464,93404.5,93549.0,93500.67,93521.836
2024-11-26T10:05:28.484,93404.5,93549.0,93504.03,93522.72
2024-11-26T10:05:28.504,93404.5,93549.0,93503.99,93522.79
2024-11-26T10:05:28.524,93404.5,93549.0,93503.9,93523.016
2024-11-26T10:05:28.544,93404.5,93549.0,93504.41,93522.97
2024-11-26T10:05:28.564,93404.5,93549.0,93503.95,93522.94
2024-11-26T10:05:28.584,93404.5,93549.0,93504.516,93522.945
2024-11-26T10:05:28.604,93404.5,93549.0,93504.516,93522.8
2024-11-26T10:05:28.625,93404.5,93549.0,93504.01,93522.72
2024-11-26T10:05:28.644,93404.5,93549.0,93504.04,93522.875
2024-11-26T10:05:28.665,93404.5,93549.0,93504.586,93522.81
2024-11-26T10:05:28.684,93404.5,93549.0,93504.77,93522.82
2024-11-26T10:05:28.705,93404.5,93549.0,93504.164,93522.164
2024-11-26T10:05:28.724,93404.5,93549.0,93501.73,93521.36
2024-11-26T10:05:28.744,93404.5,93549.0,93501.69,93520.93
2024-11-26T10:05:28.764,93404.5,93549.0,93501.625,93520.99
2024-11-26T10:05:28.784,93404.5,93549.0,93501.58,93520.92
2024-11-26T10:05:28.804,93404.5,93549.0,93501.58,93521.05
2024-11-26T10:05:28.824,93404.5,93549.0,93499.336,93510.23
2024-11-26T10:05:28.844,93404.5,93549.0,93495.695,93506.95
2024-11-26T10:05:28.865,93404.5,93549.0,93489.51,93498.39
2024-11-26T10:05:28.884,93404.5,93549.0,93484.08,93496.77
2024-11-26T10:05:28.904,93404.5,93549.0,93481.92,93497.914
2024-11-26T10:05:28.924,93404.5,93549.0,93481.51,93499.086
2024-11-26T10:05:28.944,93404.5,93549.0,93481.47,93500.8
2024-11-26T10:05:28.964,93404.5,93549.0,93481.375,93500.48
2024-11-26T10:05:28.984,93404.5,93549.0,93481.78,93498.586
2024-11-26T10:05:29.004,93404.5,93549.0,93481.625,93498.61
2024-11-26T10:05:29.024,93404.5,93549.0,93481.8,93496.4
2024-11-26T10:05:29.044,93404.5,93549.0,93481.74,93496.58
2024-11-26T10:05:29.064,93404.5,93549.0,93481.766,93497.19
2024-11-26T10:05:29.084,93404.5,93549.0,93481.64,93497.18
2024-11-26T10:05:29.104,93404.5,93549.0,93481.84,93498.25
2024-11-26T10:05:29.124,93404.5,93549.0,93481.836,93498.305
2024-11-26T10:05:29.144,93404.5,93549.0,93481.39,93497.68
2024-11-26T10:05:29.164,93404.5,93549.0,93480.92,93494.266
2024-11-26T10:05:29.184,93404.5,93549.0,93481.06,93492.586
2024-11-26T10:05:29.204,93404.5,93549.0,93481.02,93492.75
2024-11-26T10:05:29.224,93404.5,93549.0,93481.02,93492.4
2024-11-26T10:05:29.244,93404.5,93549.0,93480.92,93492.86
2024-11-26T10:05:29.264,93404.5,93549.0,93481.04,93493.07
2024-11-26T10:05:29.284,93404.5,93549.0,93481.04,93493.08
2024-11-26T10:05:29.304,93404.5,93549.0,93480.805,93493.19
2024-11-26T10:05:29.324,93404.5,93549.0,93480.445,93493.19
2024-11-26T10:05:29.344,93404.5,93549.0,93480.28,93492.29
2024-11-26T10:05:29.364,93404.5,93549.0,93480.28,93492.63
2024-11-26T10:05:29.384,93404.5,93549.0,93480.3,93492.1
2024-11-26T10:05:29.404,93404.5,93549.0,93480.91,93492.1
2024-11-26T10:05:29.425,93404.5,93549.0,93480.99,93492.1
2024-11-26T10:05:29.444,93404.5,93549.0,93481.18,93491.7
2024-11-26T10:05:29.464,93404.5,93549.0,93481.13,93491.625
2024-11-26T10:05:29.484,93404.5,93549.0,93481.836,93491.64
2024-11-26T10:05:29.504,93404.5,93549.0,93481.555,93491.625
2024-11-26T10:05:29.524,93404.5,93549.0,93481.63,93492.14
2024-11-26T10:05:29.545,93404.5,93549.0,93481.53,93492.2
2024-11-26T10:05:29.564,93404.5,93549.0,93481.58,93492.35
2024-11-26T10:05:29.584,93404.5,93549.0,93481.5,93492.43
2024-11-26T10:05:29.604,93404.5,93549.0,93481.58,93492.43
2024-11-26T10:05:29.624,93404.5,93549.0,93481.62,93492.43
2024-11-26T10:05:29.644,93404.5,93549.0,93481.12,93492.445
2024-11-26T10:05:29.664,93404.5,93549.0,93481.33,93493.0
2024-11-26T10:05:29.684,93404.5,93549.0,93481.336,93493.19
2024-11-26T10:05:29.704,93404.5,93549.0,93480.81,93493.33
2024-11-26T10:05:29.724,93404.5,93549.0,93479.97,93493.5
2024-11-26T10:05:29.744,93404.5,93549.0,93480.56,93493.49
2024-11-26T10:05:29.764,93404.5,93549.0,93480.56,93493.49
2024-11-26T10:05:29.784,93404.5,93549.0,93480.78,93493.45
2024-11-26T10:05:29.804,93404.5,93549.0,93481.125,93493.45
2024-11-26T10:05:29.824,93404.5,93549.0,93481.16,93493.45
2024-11-26T10:05:29.844,93404.5,93549.0,93481.266,93493.43
2024-11-26T10:05:29.864,93404.5,93549.0,93481.17,93493.5
2024-11-26T10:05:29.884,93404.5,93549.0,93481.15,93493.5
2024-11-26T10:05:29.904,93404.5,93549.0,93481.36,93493.5
2024-11-26T10:05:29.924,93404.5,93549.0,93481.48,93493.336
2024-11-26T10:05:29.945,93404.5,93549.0,93481.65,93493.16
2024-11-26T10:05:29.984,93404.5,93549.0,93481.62,93495.65
2024-11-26T10:05:30.004,93404.5,93549.0,93481.89,93496.34
2024-11-26T10:05:30.024,93404.5,93549.0,93481.984,93495.24
2024-11-26T10:05:30.044,93404.5,93549.0,93481.88,93495.96
2024-11-26T10:05:30.064,93404.5,93549.0,93481.875,93496.414
2024-11-26T10:05:30.084,93404.5,93549.0,93481.89,93494.87
2024-11-26T10:05:30.104,93404.5,93549.0,93481.95,93494.28
2024-11-26T10:05:30.124,93404.5,93549.0,93481.99,93493.99
2024-11-26T10:05:30.144,93404.5,93549.0,93482.07,93494.9
2024-11-26T10:05:30.164,93404.5,93549.0,93482.07,93498.31
2024-11-26T10:05:30.184,93404.5,93549.0,93482.07,93498.3
2024-11-26T10:05:30.204,93404.5,93549.0,93482.04,93498.3
2024-11-26T10:05:30.224,93404.5,93549.0,93482.04,93498.3
2024-11-26T10:05:30.244,93404.5,93549.0,93482.16,93496.65
2024-11-26T10:05:30.264,93404.5,93549.0,93482.16,93496.13
2024-11-26T10:05:30.284,93404.5,93549.0,93482.14,93496.12
2024-11-26T10:05:30.305,93404.5,93549.0,93481.98,93496.12
2024-11-26T10:05:30.325,93404.5,93549.0,93481.94,93496.11
2024-11-26T10:05:30.344,93404.5,93549.0,93481.914,93496.11
2024-11-26T10:05:30.364,93404.5,93549.0,93481.92,93496.12
2024-11-26T10:05:30.385,93404.5,93549.0,93481.94,93496.12
2024-11-26T10:05:30.444,93404.5,93549.0,93481.875,93496.12
2024-11-26T10:05:30.464,93404.5,93549.0,93481.85,93496.07
2024-11-26T10:05:30.504,93404.5,93549.0,93482.02,93496.07
2024-11-26T10:05:30.524,93404.5,93549.0,93482.016,93496.07
2024-11-26T10:05:30.544,93404.5,93549.0,93482.234,93496.2
2024-11-26T10:05:30.564,93404.5,93549.0,93482.03,93496.08
2024-11-26T10:05:30.584,93404.5,93549.0,93481.22,93495.65
2024-11-26T10:05:30.604,93404.5,93549.0,93481.445,93487.81
2024-11-26T10:05:30.624,93404.5,93549.0,93481.06,93488.72
2024-11-26T10:05:30.645,93404.5,93549.0,93481.06,93490.16
2024-11-26T10:05:30.664,93404.5,93549.0,93481.06,93490.37
2024-11-26T10:05:30.684,93404.5,93549.0,93480.2,93490.43
2024-11-26T10:05:30.704,93404.5,93549.0,93480.11,93490.484
2024-11-26T10:05:30.724,93404.5,93549.0,93478.586,93490.586
2024-11-26T10:05:30.744,93404.5,93549.0,93478.92,93490.05
2024-11-26T10:05:30.764,93404.5,93549.0,93478.93,93489.92
2024-11-26T10:05:30.784,93404.5,93549.0,93478.586,93489.95
2024-11-26T10:05:30.804,93404.5,93549.0,93478.93,93489.89
2024-11-26T10:05:30.824,93404.5,93549.0,93478.71,93487.63
2024-11-26T10:05:30.844,93404.5,93549.0,93478.73,93487.78
2024-11-26T10:05:30.864,93404.5,93549.0,93478.73,93487.625
2024-11-26T10:05:30.884,93404.5,93549.0,93478.72,93487.61
2024-11-26T10:05:30.904,93404.5,93549.0,93478.664,93487.71
2024-11-26T10:05:30.924,93404.5,93549.0,93478.664,93487.72
2024-11-26T10:05:30.944,93404.5,93549.0,93478.3,93487.73
2024-11-26T10:05:30.965,93404.5,93549.0,93478.26,93487.73
2024-11-26T10:05:30.984,93404.5,93549.0,93478.26,93487.64
2024-11-26T10:05:31.004,93404.5,93549.0,93478.195,93487.82
2024-11-26T10:05:31.024,93404.5,93549.0,93478.2,93487.82
2024-11-26T10:05:31.044,93404.5,93549.0,93478.195,93487.82
2024-11-26T10:05:31.084,93404.5,93549.0,93478.21,93487.82
2024-11-26T10:05:31.104,93404.5,93549.0,93478.22,93487.99
2024-11-26T10:05:31.125,93404.5,93549.0,93478.22,93487.92
2024-11-26T10:05:31.144,93404.5,93549.0,93478.22,93487.92
2024-11-26T10:05:31.185,93404.5,93549.0,93478.21,93487.875
2024-11-26T10:05:31.204,93404.5,93549.0,93478.19,93487.94
2024-11-26T10:05:31.225,93404.5,93549.0,93478.14,93487.734
2024-11-26T10:05:31.245,93404.5,93549.0,93478.18,93487.8
2024-11-26T10:05:31.264,93404.5,93549.0,93478.18,93487.84
2024-11-26T10:05:31.284,93404.5,93549.0,93478.19,93487.836
2024-11-26T10:05:31.304,93404.5,93549.0,93478.22,93487.836
2024-11-26T10:05:31.324,93404.5,93549.0,93478.52,93487.77
2024-11-26T10:05:31.344,93404.5,93549.0,93478.21,93487.77
2024-11-26T10:05:31.365,93404.5,93549.0,93478.61,93487.82
2024-11-26T10:05:31.384,93404.5,93549.0,93478.6,93487.81
2024-11-26T10:05:31.404,93404.5,93549.0,93478.516,93487.76
2024-11-26T10:05:31.424,93404.5,93549.0,93478.21,93487.32
2024-11-26T10:05:31.444,93404.5,93549.0,93478.5,93487.05
2024-11-26T10:05:31.485,93404.5,93549.0,93478.5,93487.04
2024-11-26T10:05:31.504,93404.5,93549.0,93478.125,93487.13
2024-11-26T10:05:31.524,93404.5,93549.0,93478.63,93487.79
2024-11-26T10:05:31.544,93404.5,93549.0,93478.56,93488.055
2024-11-26T10:05:31.564,93404.5,93549.0,93478.61,93488.055
2024-11-26T10:05:31.625,93404.5,93549.0,93478.56,93488.06
2024-11-26T10:05:31.644,93404.5,93549.0,93478.586,93488.06
2024-11-26T10:05:31.665,93404.5,93549.0,93478.586,93488.07
2024-11-26T10:05:31.684,93404.5,93549.0,93478.59,93488.08
2024-11-26T10:05:31.704,93404.5,93549.0,93478.555,93488.09
2024-11-26T10:05:31.725,93404.5,93549.0,93478.305,93488.15
2024-11-26T10:05:31.745,93404.5,93549.0,93478.3,93488.08
2024-11-26T10:05:31.764,93404.5,93549.0,93478.29,93488.08
2024-11-26T10:05:31.804,93404.5,93549.0,93478.29,93488.14
2024-11-26T10:05:31.824,93404.5,93549.0,93478.28,93488.14
2024-11-26T10:05:31.845,93404.5,93549.0,93478.69,93488.125
2024-11-26T10:05:31.865,93404.5,93549.0,93478.734,93488.125
2024-11-26T10:05:31.884,93404.5,93549.0,93478.55,93488.125
2024-11-26T10:05:31.904,93404.5,93549.0,93478.34,93488.125
2024-11-26T10:05:31.924,93404.5,93549.0,93478.336,93488.555
2024-11-26T10:05:31.964,93404.5,93549.0,93478.336,93488.555
2024-11-26T10:05:31.984,93404.5,93549.0,93478.52,93488.555
2024-11-26T10:05:32.004,93404.5,93549.0,93478.125,93488.5
2024-11-26T10:05:32.024,93404.5,93549.0,93478.59,93490.01
2024-11-26T10:05:32.045,93404.5,93549.0,93478.44,93490.445
2024-11-26T10:05:32.064,93404.5,93549.0,93478.43,93490.445
2024-11-26T10:05:32.084,93404.5,93549.0,93478.29,93490.195
2024-11-26T10:05:32.104,93404.5,93549.0,93478.33,93489.64
2024-11-26T10:05:32.125,93404.5,93549.0,93478.336,93489.695
2024-11-26T10:05:32.145,93404.5,93549.0,93478.336,93489.56
2024-11-26T10:05:32.164,93404.5,93549.0,93478.336,93489.4
2024-11-26T10:05:32.185,93404.5,93549.0,93478.336,93489.74
2024-11-26T10:05:32.204,93404.5,93549.0,93478.336,93489.734
2024-11-26T10:05:32.224,93404.5,93549.0,93478.29,93489.87
2024-11-26T10:05:32.244,93404.5,93549.0,93478.3,93489.87
2024-11-26T10:05:32.285,93404.5,93549.0,93478.3,93489.88
2024-11-26T10:05:32.304,93404.5,93549.0,93478.3,93489.79
2024-11-26T10:05:32.325,93404.5,93549.0,93478.3,93489.79
2024-11-26T10:05:32.344,93404.5,93549.0,93478.4,93489.555
2024-11-26T10:05:32.364,93404.5,93549.0,93478.305,93489.484
2024-11-26T10:05:32.384,93404.5,93549.0,93478.445,93489.53
2024-11-26T10:05:32.425,93404.5,93549.0,93478.375,93489.73
2024-11-26T10:05:32.444,93404.5,93549.0,93478.375,93489.53
2024-11-26T10:05:32.464,93404.5,93549.0,93478.375,93489.53
2024-11-26T10:05:32.484,93404.5,93549.0,93478.35,93489.53
2024-11-26T10:05:32.504,93404.5,93549.0,93478.35,93489.695
2024-11-26T10:05:32.525,93404.5,93549.0,93478.28,93489.76
2024-11-26T10:05:32.544,93404.5,93549.0,93478.34,93489.76
2024-11-26T10:05:32.564,93404.5,93549.0,93478.28,93489.555
2024-11-26T10:05:32.585,93404.5,93549.0,93478.414,93489.45
2024-11-26T10:05:32.604,93404.5,93549.0,93478.42,93489.48
2024-11-26T10:05:32.624,93404.5,93549.0,93478.49,93489.45
2024-11-26T10:05:32.644,93404.5,93549.0,93478.516,93489.86
2024-11-26T10:05:32.664,93404.5,93549.0,93478.305,93490.08
2024-11-26T10:05:32.685,93404.5,93549.0,93478.31,93489.72
2024-11-26T10:05:32.704,93404.5,93549.0,93478.31,93489.7
2024-11-26T10:05:32.725,93404.5,93549.0,93479.07,93489.7
2024-11-26T10:05:32.744,93404.5,93549.0,93479.07,93489.445
2024-11-26T10:05:32.764,93404.5,93549.0,93479.055,93489.445
2024-11-26T10:05:32.804,93404.5,93549.0,93479.055,93489.71
2024-11-26T10:05:32.824,93404.5,93549.0,93479.055,93489.625
2024-11-26T10:05:32.845,93404.5,93549.0,93479.055,93489.58
2024-11-26T10:05:32.864,93404.5,93549.0,93479.055,93489.38
2024-11-26T10:05:32.904,93404.5,93549.0,93479.01,93490.11
2024-11-26T10:05:32.925,93404.5,93549.0,93479.01,93489.94
2024-11-26T10:05:32.984,93404.5,93549.0,93479.0,93489.94
2024-11-26T10:05:33.004,93404.5,93549.0,93479.0,93489.516
2024-11-26T10:05:33.024,93404.5,93549.0,93478.97,93489.53
2024-11-26T10:05:33.044,93404.5,93549.0,93478.37,93489.53
2024-11-26T10:05:33.065,93404.5,93549.0,93478.34,93489.82
2024-11-26T10:05:33.085,93404.5,93549.0,93478.3,93489.83
2024-11-26T10:05:33.124,93404.5,93549.0,93478.35,93489.83
2024-11-26T10:05:33.144,93404.5,93549.0,93478.375,93489.83
2024-11-26T10:05:33.164,93404.5,93549.0,93478.17,93489.45
2024-11-26T10:05:33.184,93404.5,93549.0,93478.18,93489.44
2024-11-26T10:05:33.204,93404.5,93549.0,93478.17,93489.44
2024-11-26T10:05:33.224,93404.5,93549.0,93478.17,93489.49
2024-11-26T10:05:33.244,93404.5,93549.0,93478.17,93489.734
2024-11-26T10:05:33.265,93404.5,93549.0,93478.17,93489.734
2024-11-26T10:05:33.285,93404.5,93549.0,93478.17,93490.04
2024-11-26T10:05:33.305,93404.5,93549.0,93478.39,93490.25
2024-11-26T10:05:33.324,93404.5,93549.0,93478.39,93490.04
2024-11-26T10:05:33.344,93404.5,93549.0,93478.23,93490.03
2024-11-26T10:05:33.364,93404.5,93549.0,93477.64,93489.68
2024-11-26T10:05:33.385,93404.5,93549.0,93477.69,93489.61
2024-11-26T10:05:33.404,93404.5,93549.0,93477.48,93489.664
2024-11-26T10:05:33.424,93404.5,93549.0,93477.48,93489.51
2024-11-26T10:05:33.444,93404.5,93549.0,93477.48,93489.445
2024-11-26T10:05:33.465,93404.5,93549.0,93477.48,93489.82
2024-11-26T10:05:33.484,93404.5,93549.0,93477.39,93489.82
2024-11-26T10:05:33.504,93404.5,93549.0,93477.555,93490.74
2024-11-26T10:05:33.524,93404.5,93549.0,93478.05,93491.13
2024-11-26T10:05:33.545,93404.5,93549.0,93478.12,93491.34
2024-11-26T10:05:33.564,93404.5,93549.0,93478.12,93491.42
2024-11-26T10:05:33.584,93404.5,93549.0,93478.1,93491.42
2024-11-26T10:05:33.605,93404.5,93549.0,93478.05,93491.414
2024-11-26T10:05:33.624,93404.5,93549.0,93478.05,93491.49
2024-11-26T10:05:33.645,93404.5,93549.0,93477.555,93491.516
2024-11-26T10:05:33.664,93404.5,93549.0,93477.49,93491.48
2024-11-26T10:05:33.684,93404.5,93549.0,93477.49,93491.48
2024-11-26T10:05:33.744,93404.5,93549.0,93477.49,93490.87
2024-11-26T10:05:33.765,93404.5,93549.0,93477.49,93490.62
2024-11-26T10:05:33.824,93404.5,93549.0,93477.484,93491.266
2024-11-26T10:05:33.844,93404.5,93549.0,93476.25,93486.71
2024-11-26T10:05:33.864,93404.5,93549.0,93475.08,93485.24
2024-11-26T10:05:33.884,93404.5,93549.0,93475.16,93484.9
2024-11-26T10:05:33.904,93404.5,93549.0,93475.09,93484.77
2024-11-26T10:05:33.924,93404.5,93549.0,93474.41,93484.875
2024-11-26T10:05:33.944,93404.5,93549.0,93475.19,93484.875
2024-11-26T10:05:33.984,93404.5,93549.0,93475.19,93484.88
2024-11-26T10:05:34.004,93404.5,93549.0,93475.18,93484.86
2024-11-26T10:05:34.024,93404.5,93549.0,93475.18,93484.93
2024-11-26T10:05:34.084,93404.5,93549.0,93475.17,93484.96
2024-11-26T10:05:34.104,93404.5,93549.0,93475.17,93484.92
2024-11-26T10:05:34.124,93404.5,93549.0,93475.17,93484.92
2024-11-26T10:05:34.145,93404.5,93549.0,93475.18,93484.88
2024-11-26T10:05:34.164,93404.5,93549.0,93475.18,93484.88
2024-11-26T10:05:34.184,93404.5,93549.0,93475.69,93484.88
2024-11-26T10:05:34.224,93404.5,93549.0,93475.266,93483.23
2024-11-26T10:05:34.244,93404.5,93549.0,93474.695,93483.086
2024-11-26T10:05:34.264,93404.5,93549.0,93463.2,93477.7
2024-11-26T10:05:34.284,93404.5,93549.0,93462.305,93477.21
2024-11-26T10:05:34.304,93404.5,93549.0,93459.12,93477.234
2024-11-26T10:05:34.324,93404.5,93549.0,93458.82,93475.71
2024-11-26T10:05:34.344,93404.5,93549.0,93456.65,93475.66
2024-11-26T10:05:34.364,93404.5,93549.0,93456.08,93475.54
2024-11-26T10:05:34.384,93404.5,93549.0,93456.63,93475.555
2024-11-26T10:05:34.404,93404.5,93549.0,93455.29,93470.664
2024-11-26T10:05:34.424,93404.5,93549.0,93455.39,93468.13
2024-11-26T10:05:34.444,93404.5,93549.0,93455.336,93468.14
2024-11-26T10:05:34.464,93404.5,93549.0,93455.17,93469.22
2024-11-26T10:05:34.484,93404.5,93549.0,93455.07,93469.02
2024-11-26T10:05:34.504,93404.5,93549.0,93455.195,93469.98
2024-11-26T10:05:34.524,93404.5,93549.0,93453.45,93469.27
2024-11-26T10:05:34.544,93404.5,93549.0,93452.58,93465.875
2024-11-26T10:05:34.564,93404.5,93549.0,93452.73,93463.58
2024-11-26T10:05:34.584,93404.5,93549.0,93450.625,93463.41
2024-11-26T10:05:34.604,93404.5,93549.0,93450.78,93464.03
2024-11-26T10:05:34.624,93404.5,93549.0,93447.516,93458.0
2024-11-26T10:05:34.644,93404.5,93549.0,93446.47,93458.24
2024-11-26T10:05:34.664,93404.5,93549.0,93446.25,93458.29
2024-11-26T10:05:34.684,93404.5,93549.0,93445.72,93458.43
2024-11-26T10:05:34.704,93404.5,93549.0,93445.484,93460.07
2024-11-26T10:05:34.724,93404.5,93549.0,93445.54,93458.83
2024-11-26T10:05:34.744,93404.5,93549.0,93447.36,93458.805
2024-11-26T10:05:34.764,93404.5,93549.0,93447.19,93461.32
2024-11-26T10:05:34.784,93404.5,93549.0,93447.336,93461.484
2024-11-26T10:05:34.804,93404.5,93549.0,93447.92,93461.484
2024-11-26T10:05:34.825,93404.5,93549.0,93448.24,93462.0
2024-11-26T10:05:34.844,93404.5,93549.0,93448.24,93463.49
2024-11-26T10:05:34.864,93404.5,93549.0,93448.45,93466.56
2024-11-26T10:05:34.884,93404.5,93549.0,93448.445,93467.984
2024-11-26T10:05:34.904,93404.5,93549.0,93448.47,93468.21
2024-11-26T10:05:34.924,93404.5,93549.0,93448.47,93468.48
2024-11-26T10:05:34.944,93404.5,93549.0,93448.48,93468.56
2024-11-26T10:05:34.964,93404.5,93549.0,93448.48,93470.09
2024-11-26T10:05:34.985,93404.5,93549.0,93460.63,93487.016
2024-11-26T10:05:35.005,93404.5,93549.0,93474.68,93500.914
2024-11-26T10:05:35.024,93404.5,93549.0,93481.016,93501.46
2024-11-26T10:05:35.044,93404.5,93549.0,93486.0,93502.87
2024-11-26T10:05:35.064,93404.5,93549.0,93486.38,93505.83
2024-11-26T10:05:35.084,93404.5,93549.0,93489.49,93507.68
2024-11-26T10:05:35.104,93404.5,93549.0,93490.38,93505.695
2024-11-26T10:05:35.124,93404.5,93549.0,93491.81,93509.85
2024-11-26T10:05:35.144,93404.5,93549.0,93488.91,93510.28
2024-11-26T10:05:35.164,93404.5,93549.0,93489.22,93510.39
2024-11-26T10:05:35.184,93404.5,93549.0,93489.305,93509.36
2024-11-26T10:05:35.204,93404.5,93549.0,93488.97,93508.31
2024-11-26T10:05:35.224,93404.5,93549.0,93489.7,93508.47
2024-11-26T10:05:35.244,93404.5,93549.0,93490.15,93506.85
2024-11-26T10:05:35.264,93404.5,93549.0,93490.18,93507.086
2024-11-26T10:05:35.285,93404.5,93549.0,93489.58,93503.65
2024-11-26T10:05:35.304,93404.5,93549.0,93489.64,93503.73
2024-11-26T10:05:35.324,93404.5,93549.0,93489.49,93503.59
2024-11-26T10:05:35.344,93404.5,93549.0,93489.49,93503.58
2024-11-26T10:05:35.364,93404.5,93549.0,93489.0,93502.55
2024-11-26T10:05:35.384,93404.5,93549.0,93488.87,93502.45
2024-11-26T10:05:35.404,93404.5,93549.0,93489.52,93503.195
2024-11-26T10:05:35.424,93404.5,93549.0,93489.875,93508.984
2024-11-26T10:05:35.444,93404.5,93549.0,93489.914,93508.734
2024-11-26T10:05:35.464,93404.5,93549.0,93489.93,93509.55
2024-11-26T10:05:35.484,93404.5,93549.0,93489.914,93510.0
2024-11-26T10:05:35.504,93404.5,93549.0,93489.914,93509.9
2024-11-26T10:05:35.524,93404.5,93549.0,93489.45,93509.445
2024-11-26T10:05:35.544,93404.5,93549.0,93489.02,93508.16
2024-11-26T10:05:35.564,93404.5,93549.0,93489.02,93506.13
2024-11-26T10:05:35.584,93404.5,93549.0,93489.516,93503.69
2024-11-26T10:05:35.604,93404.5,93549.0,93489.71,93503.66
2024-11-26T10:05:35.625,93404.5,93549.0,93489.055,93503.66
2024-11-26T10:05:35.645,93404.5,93549.0,93489.05,93506.22
2024-11-26T10:05:35.664,93404.5,93549.0,93489.414,93508.336
2024-11-26T10:05:35.684,93404.5,93549.0,93489.55,93508.51
2024-11-26T10:05:35.704,93404.5,93549.0,93489.55,93509.38
2024-11-26T10:05:35.724,93404.5,93549.0,93489.17,93510.05
2024-11-26T10:05:35.744,93404.5,93549.0,93490.05,93510.21
2024-11-26T10:05:35.764,93404.5,93549.0,93490.09,93510.01
2024-11-26T10:05:35.784,93404.5,93549.0,93490.125,93509.97
2024-11-26T10:05:35.824,93404.5,93549.0,93490.33,93510.0
2024-11-26T10:05:35.844,93404.5,93549.0,93490.32,93509.8
2024-11-26T10:05:35.864,93404.5,93549.0,93493.195,93510.03
2024-11-26T10:05:35.884,93404.5,93549.0,93490.67,93509.99
2024-11-26T10:05:35.904,93404.5,93549.0,93489.95,93508.05
2024-11-26T10:05:35.924,93404.5,93549.0,93490.22,93508.54
2024-11-26T10:05:35.944,93404.5,93549.0,93490.06,93509.23
2024-11-26T10:05:35.964,93404.5,93549.0,93490.21,93509.23
2024-11-26T10:05:35.984,93404.5,93549.0,93490.22,93509.23
2024-11-26T10:05:36.004,93404.5,93549.0,93490.36,93509.28
2024-11-26T10:05:36.024,93404.5,93549.0,93490.55,93509.195
2024-11-26T10:05:36.044,93404.5,93549.0,93490.55,93509.266
2024-11-26T10:05:36.064,93404.5,93549.0,93495.61,93510.23
2024-11-26T10:05:36.084,93404.5,93549.0,93492.56,93510.31
2024-11-26T10:05:36.104,93404.5,93549.0,93492.75,93510.31
2024-11-26T10:05:36.124,93404.5,93549.0,93492.6,93510.31
2024-11-26T10:05:36.144,93404.5,93549.0,93492.84,93510.18
2024-11-26T10:05:36.164,93404.5,93549.0,93493.03,93510.24
2024-11-26T10:05:36.184,93404.5,93549.0,93492.66,93511.26
2024-11-26T10:05:36.204,93404.5,93549.0,93492.56,93511.1
2024-11-26T10:05:36.224,93404.5,93549.0,93492.53,93511.1
2024-11-26T10:05:36.244,93404.5,93549.0,93492.53,93511.25
2024-11-26T10:05:36.264,93404.5,93549.0,93489.79,93496.98
2024-11-26T10:05:36.284,93404.5,93549.0,93488.875,93496.83
2024-11-26T10:05:36.304,93404.5,93549.0,93488.89,93496.82
2024-11-26T10:05:36.324,93404.5,93549.0,93489.234,93496.76
2024-11-26T10:05:36.344,93404.5,93549.0,93488.88,93496.28
2024-11-26T10:05:36.364,93404.5,93549.0,93489.05,93496.14
2024-11-26T10:05:36.384,93404.5,93549.0,93489.18,93496.95
2024-11-26T10:05:36.404,93404.5,93549.0,93488.555,93497.33
2024-11-26T10:05:36.425,93404.5,93549.0,93488.555,93497.35
2024-11-26T10:05:36.444,93404.5,93549.0,93488.56,93497.35
2024-11-26T10:05:36.465,93404.5,93549.0,93488.55,93497.36
2024-11-26T10:05:36.485,93404.5,93549.0,93488.48,93497.36
2024-11-26T10:05:36.504,93404.5,93549.0,93488.48,93497.35
2024-11-26T10:05:36.524,93404.5,93549.0,93488.47,93497.35
2024-11-26T10:05:36.565,93404.5,93549.0,93488.23,93497.35
2024-11-26T10:05:36.584,93404.5,93549.0,93488.21,93497.35
2024-11-26T10:05:36.605,93404.5,93549.0,93488.2,93497.32
2024-11-26T10:05:36.644,93404.5,93549.0,93488.195,93497.32
2024-11-26T10:05:36.664,93404.5,93549.0,93488.19,93497.34
2024-11-26T10:05:36.684,93404.5,93549.0,93488.19,93497.34
2024-11-26T10:05:36.705,93404.5,93549.0,93488.016,93497.336
2024-11-26T10:05:36.724,93404.5,93549.0,93487.76,93497.29
2024-11-26T10:05:36.744,93404.5,93549.0,93487.74,93497.29
2024-11-26T10:05:36.764,93404.5,93549.0,93487.52,93497.27
2024-11-26T10:05:36.784,93404.5,93549.0,93487.6,93497.27
2024-11-26T10:05:36.824,93404.5,93549.0,93487.59,93497.27
2024-11-26T10:05:36.845,93404.5,93549.0,93487.59,93497.266
2024-11-26T10:05:36.864,93404.5,93549.0,93487.625,93497.27
2024-11-26T10:05:36.885,93404.5,93549.0,93487.69,93497.35
2024-11-26T10:05:36.904,93404.5,93549.0,93487.7,93497.35
2024-11-26T10:05:36.924,93404.5,93549.0,93488.164,93497.35
2024-11-26T10:05:36.944,93404.5,93549.0,93487.74,93497.35
2024-11-26T10:05:36.964,93404.5,93549.0,93487.74,93497.35
2024-11-26T10:05:36.985,93404.5,93549.0,93487.75,93497.34
2024-11-26T10:05:37.024,93404.5,93549.0,93488.41,93496.68
2024-11-26T10:05:37.045,93404.5,93549.0,93488.39,93496.36
2024-11-26T10:05:37.064,93404.5,93549.0,93488.41,93496.305
2024-11-26T10:05:37.084,93404.5,93549.0,93488.4,93496.31
2024-11-26T10:05:37.105,93404.5,93549.0,93488.4,93496.336
2024-11-26T10:05:37.125,93404.5,93549.0,93488.4,93496.336
2024-11-26T10:05:37.145,93404.5,93549.0,93488.39,93496.336
2024-11-26T10:05:37.164,93404.5,93549.0,93488.39,93496.336
2024-11-26T10:05:37.184,93404.5,93549.0,93488.41,93496.336
2024-11-26T10:05:37.204,93404.5,93549.0,93488.41,93496.375
2024-11-26T10:05:37.225,93404.5,93549.0,93488.41,93496.41
2024-11-26T10:05:37.244,93404.5,93549.0,93488.41,93496.516
2024-11-26T10:05:37.264,93404.5,93549.0,93488.38,93496.51
2024-11-26T10:05:37.285,93404.5,93549.0,93488.37,93496.516
2024-11-26T10:05:37.325,93404.5,93549.0,93488.37,93496.516
2024-11-26T10:05:37.345,93404.5,93549.0,93488.37,93496.53
2024-11-26T10:05:37.364,93404.5,93549.0,93488.37,93496.52
2024-11-26T10:05:37.385,93404.5,93549.0,93488.41,93496.52
2024-11-26T10:05:37.404,93404.5,93549.0,93488.41,93496.65
2024-11-26T10:05:37.424,93404.5,93549.0,93488.4,93496.65
2024-11-26T10:05:37.445,93404.5,93549.0,93488.4,93496.57
2024-11-26T10:05:37.465,93404.5,93549.0,93488.4,93496.516
2024-11-26T10:05:37.484,93404.5,93549.0,93488.4,93496.65
2024-11-26T10:05:37.544,93404.5,93549.0,93488.4,93496.65
2024-11-26T10:05:37.565,93404.5,93549.0,93488.38,93497.31
2024-11-26T10:05:37.584,93404.5,93549.0,93488.38,93497.5
2024-11-26T10:05:37.604,93404.5,93549.0,93488.39,93497.5
2024-11-26T10:05:37.624,93404.5,93549.0,93488.39,93497.64
2024-11-26T10:05:37.644,93404.5,93549.0,93488.4,93497.5
2024-11-26T10:05:37.664,93404.5,93549.0,93488.4,93497.5
2024-11-26T10:05:37.704,93404.5,93549.0,93488.4,93497.52
2024-11-26T10:05:37.724,93404.5,93549.0,93488.44,93497.53
2024-11-26T10:05:37.744,93404.5,93549.0,93487.836,93497.53
2024-11-26T10:05:37.764,93404.5,93549.0,93487.84,93497.52
2024-11-26T10:05:37.784,93404.5,93549.0,93487.61,93497.52
2024-11-26T10:05:37.804,93404.5,93549.0,93486.97,93497.53
2024-11-26T10:05:37.824,93404.5,93549.0,93486.805,93497.31
2024-11-26T10:05:37.844,93404.5,93549.0,93486.79,93497.31
2024-11-26T10:05:37.864,93404.5,93549.0,93486.77,93497.85
2024-11-26T10:05:37.884,93404.5,93549.0,93486.73,93497.96
2024-11-26T10:05:37.904,93404.5,93549.0,93486.73,93497.95
2024-11-26T10:05:37.924,93404.5,93549.0,93486.75,93497.94
2024-11-26T10:05:37.964,93404.5,93549.0,93486.75,93497.94
2024-11-26T10:05:37.984,93404.5,93549.0,93486.75,93497.95
2024-11-26T10:05:38.064,93404.5,93549.0,93486.77,93497.89
2024-11-26T10:05:38.084,93404.5,93549.0,93486.77,93497.94
2024-11-26T10:05:38.124,93404.5,93549.0,93486.086,93496.36
2024-11-26T10:05:38.144,93404.5,93549.0,93486.44,93494.68
2024-11-26T10:05:38.164,93404.5,93549.0,93486.43,93493.88
2024-11-26T10:05:38.184,93404.5,93549.0,93486.46,93494.32
2024-11-26T10:05:38.204,93404.5,93549.0,93486.49,93494.445
2024-11-26T10:05:38.224,93404.5,93549.0,93485.66,93493.77
2024-11-26T10:05:38.244,93404.5,93549.0,93484.914,93493.77
2024-11-26T10:05:38.264,93404.5,93549.0,93483.93,93493.38
2024-11-26T10:05:38.284,93404.5,93549.0,93479.914,93492.14
2024-11-26T10:05:38.304,93404.5,93549.0,93478.71,93492.05
2024-11-26T10:05:38.324,93404.5,93549.0,93479.11,93491.96
2024-11-26T10:05:38.344,93404.5,93549.0,93479.23,93492.0
2024-11-26T10:05:38.364,93404.5,93549.0,93479.164,93492.016
2024-11-26T10:05:38.384,93404.5,93549.0,93479.16,93491.98
2024-11-26T10:05:38.404,93404.5,93549.0,93479.266,93491.98
2024-11-26T10:05:38.424,93404.5,93549.0,93479.125,93491.98
2024-11-26T10:05:38.444,93404.5,93549.0,93479.164,93491.96
2024-11-26T10:05:38.464,93404.5,93549.0,93479.164,93491.97
2024-11-26T10:05:38.504,93404.5,93549.0,93479.2,93491.96
2024-11-26T10:05:38.524,93404.5,93549.0,93479.13,93491.96
2024-11-26T10:05:38.544,93404.5,93549.0,93479.266,93491.984
2024-11-26T10:05:38.564,93404.5,93549.0,93479.836,93492.04
2024-11-26T10:05:38.584,93404.5,93549.0,93479.836,93492.03
2024-11-26T10:05:38.604,93404.5,93549.0,93479.055,93492.1
2024-11-26T10:05:38.625,93404.5,93549.0,93479.055,93492.086
2024-11-26T10:05:38.644,93404.5,93549.0,93479.055,93492.09
2024-11-26T10:05:38.664,93404.5,93549.0,93479.664,93492.09
2024-11-26T10:05:38.684,93404.5,93549.0,93479.664,93492.09
2024-11-26T10:05:38.705,93404.5,93549.0,93479.77,93492.11
2024-11-26T10:05:38.744,93404.5,93549.0,93479.77,93492.11
2024-11-26T10:05:38.804,93404.5,93549.0,93479.85,93492.11
2024-11-26T10:05:38.904,93404.5,93549.0,93479.734,93492.11
2024-11-26T10:05:38.965,93404.5,93549.0,93479.734,93492.1
2024-11-26T10:05:38.984,93404.5,93549.0,93479.734,93492.11
2024-11-26T10:05:39.004,93404.5,93549.0,93479.84,93492.11
2024-11-26T10:05:39.024,93404.5,93549.0,93480.31,93492.27
2024-11-26T10:05:39.045,93404.5,93549.0,93481.74,93491.8
2024-11-26T10:05:39.064,93404.5,93549.0,93481.78,93491.734
2024-11-26T10:05:39.084,93404.5,93549.0,93481.85,93491.82
2024-11-26T10:05:39.104,93404.5,93549.0,93481.85,93491.836
2024-11-26T10:05:39.124,93404.5,93549.0,93481.52,93491.78
2024-11-26T10:05:39.144,93404.5,93549.0,93481.52,93491.805
2024-11-26T10:05:39.164,93404.5,93549.0,93481.74,93491.836
2024-11-26T10:05:39.184,93404.5,93549.0,93481.74,93491.8
2024-11-26T10:05:39.224,93404.5,93549.0,93481.45,93491.8
2024-11-26T10:05:39.244,93404.5,93549.0,93481.42,93492.305
2024-11-26T10:05:39.264,93404.5,93549.0,93481.42,93492.43
2024-11-26T10:05:39.285,93404.5,93549.0,93481.46,93492.43
2024-11-26T10:05:39.304,93404.5,93549.0,93481.42,93492.41
2024-11-26T10:05:39.324,93404.5,93549.0,93481.42,93492.4
2024-11-26T10:05:39.344,93404.5,93549.0,93480.93,93492.4
2024-11-26T10:05:39.364,93404.5,93549.0,93480.93,93492.4
2024-11-26T10:05:39.384,93404.5,93549.0,93480.93,93492.39
2024-11-26T10:05:39.404,93404.5,93549.0,93480.9,93492.39
2024-11-26T10:05:39.472,93404.5,93549.0,93480.86,93492.39
2024-11-26T10:05:39.484,93404.5,93549.0,93480.9,93492.39
2024-11-26T10:05:39.564,93404.5,93549.0,93480.86,93492.39
2024-11-26T10:05:39.604,93404.5,93549.0,93480.89,93492.39
2024-11-26T10:05:39.644,93404.5,93549.0,93480.89,93492.4
2024-11-26T10:05:39.664,93404.5,93549.0,93480.86,93492.4
2024-11-26T10:05:39.704,93404.5,93549.0,93480.95,93491.9
2024-11-26T10:05:39.724,93404.5,93549.0,93480.99,93491.77
2024-11-26T10:05:39.744,93404.5,93549.0,93480.99,93491.8
2024-11-26T10:05:39.764,93404.5,93549.0,93481.984,93491.85
2024-11-26T10:05:39.784,93404.5,93549.0,93481.99,93491.81
2024-11-26T10:05:39.805,93404.5,93549.0,93481.99,93491.805
2024-11-26T10:05:39.824,93404.5,93549.0,93479.17,93491.74
2024-11-26T10:05:39.844,93404.5,93549.0,93478.91,93491.72
2024-11-26T10:05:39.864,93404.5,93549.0,93478.98,93490.88
2024-11-26T10:05:39.884,93404.5,93549.0,93478.0,93491.266
2024-11-26T10:05:39.904,93404.5,93549.0,93477.99,93491.48
2024-11-26T10:05:39.924,93404.5,93549.0,93477.95,93491.484
2024-11-26T10:05:39.944,93404.5,93549.0,93477.87,93491.49
2024-11-26T10:05:39.964,93404.5,93549.0,93477.87,93491.47
2024-11-26T10:05:39.984,93404.5,93549.0,93477.59,93490.56
2024-11-26T10:05:40.004,93404.5,93549.0,93477.68,93489.72
2024-11-26T10:05:40.025,93404.5,93549.0,93477.19,93490.11
2024-11-26T10:05:40.044,93404.5,93549.0,93477.19,93490.1
2024-11-26T10:05:40.064,93404.5,93549.0,93477.99,93490.11
2024-11-26T10:05:40.084,93404.5,93549.0,93478.234,93490.305
2024-11-26T10:05:40.104,93404.5,93549.0,93478.11,93490.336
2024-11-26T10:05:40.124,93404.5,93549.0,93477.984,93490.33
2024-11-26T10:05:40.144,93404.5,93549.0,93477.984,93490.16
2024-11-26T10:05:40.164,93404.5,93549.0,93477.984,93490.16
2024-11-26T10:05:40.184,93404.5,93549.0,93477.984,93490.16
2024-11-26T10:05:40.204,93404.5,93549.0,93478.336,93490.16
2024-11-26T10:05:40.225,93404.5,93549.0,93478.336,93490.164
2024-11-26T10:05:40.244,93404.5,93549.0,93478.336,93490.29
2024-11-26T10:05:40.285,93404.5,93549.0,93478.336,93490.2
2024-11-26T10:05:40.324,93404.5,93549.0,93478.12,93490.2
2024-11-26T10:05:40.344,93404.5,93549.0,93477.984,93490.234
2024-11-26T10:05:40.364,93404.5,93549.0,93477.94,93490.234
2024-11-26T10:05:40.404,93404.5,93549.0,93477.94,93490.09
2024-11-26T10:05:40.424,93404.5,93549.0,93478.266,93490.2
2024-11-26T10:05:40.445,93404.5,93549.0,93478.266,93490.38
2024-11-26T10:05:40.465,93404.5,93549.0,93478.266,93490.25
2024-11-26T10:05:40.484,93404.5,93549.0,93478.266,93490.15
2024-11-26T10:05:40.504,93404.5,93549.0,93478.266,93490.14
2024-11-26T10:05:40.524,93404.5,93549.0,93478.38,93490.9
2024-11-26T10:05:40.545,93404.5,93549.0,93478.55,93492.26
2024-11-26T10:05:40.564,93404.5,93549.0,93478.51,93492.234
2024-11-26T10:05:40.584,93404.5,93549.0,93478.51,93492.22
2024-11-26T10:05:40.604,93404.5,93549.0,93478.4,93492.2
2024-11-26T10:05:40.624,93404.5,93549.0,93478.914,93492.2
2024-11-26T10:05:40.724,93404.5,93549.0,93478.9,93492.2
2024-11-26T10:05:40.744,93404.5,93549.0,93481.81,93492.35
2024-11-26T10:05:40.764,93404.5,93549.0,93481.35,93492.47
2024-11-26T10:05:40.784,93404.5,93549.0,93480.5,93492.45
2024-11-26T10:05:40.804,93404.5,93549.0,93480.94,93492.22
2024-11-26T10:05:40.824,93404.5,93549.0,93480.87,93492.22
2024-11-26T10:05:40.844,93404.5,93549.0,93481.62,93492.22
2024-11-26T10:05:40.864,93404.5,93549.0,93481.61,93492.22
2024-11-26T10:05:40.884,93404.5,93549.0,93481.65,93492.22
2024-11-26T10:05:40.904,93404.5,93549.0,93481.63,93491.87
2024-11-26T10:05:40.924,93404.5,93549.0,93481.64,93492.15
2024-11-26T10:05:40.944,93404.5,93549.0,93481.59,93492.15
2024-11-26T10:05:40.964,93404.5,93549.0,93481.59,93492.22
2024-11-26T10:05:40.984,93404.5,93549.0,93481.59,93492.22
2024-11-26T10:05:41.004,93404.5,93549.0,93481.56,93491.945
2024-11-26T10:05:41.025,93404.5,93549.0,93481.56,93492.65
2024-11-26T10:05:41.044,93404.5,93549.0,93481.54,93492.6
2024-11-26T10:05:41.064,93404.5,93549.0,93481.52,93492.62
2024-11-26T10:05:41.084,93404.5,93549.0,93481.51,93492.6
2024-11-26T10:05:41.105,93404.5,93549.0,93481.24,93492.1
2024-11-26T10:05:41.124,93404.5,93549.0,93481.336,93492.17
2024-11-26T10:05:41.144,93404.5,93549.0,93481.29,93492.17
2024-11-26T10:05:41.164,93404.5,93549.0,93473.45,93487.42
2024-11-26T10:05:41.185,93404.5,93549.0,93468.76,93478.34
2024-11-26T10:05:41.204,93404.5,93549.0,93466.586,93477.35
2024-11-26T10:05:41.224,93404.5,93549.0,93466.14,93479.35
2024-11-26T10:05:41.244,93404.5,93549.0,93465.484,93474.49
2024-11-26T10:05:41.264,93404.5,93549.0,93466.2,93474.945
2024-11-26T10:05:41.284,93404.5,93549.0,93465.945,93479.52
2024-11-26T10:05:41.304,93404.5,93549.0,93465.52,93478.01
2024-11-26T10:05:41.324,93404.5,93549.0,93464.74,93473.86
2024-11-26T10:05:41.344,93404.5,93549.0,93463.09,93474.945
2024-11-26T10:05:41.364,93404.5,93549.0,93462.76,93475.04
2024-11-26T10:05:41.384,93404.5,93549.0,93462.81,93475.23
2024-11-26T10:05:41.404,93404.5,93549.0,93462.805,93473.59
2024-11-26T10:05:41.424,93404.5,93549.0,93461.055,93473.61
2024-11-26T10:05:41.444,93404.5,93549.0,93460.016,93473.54
2024-11-26T10:05:41.464,93404.5,93549.0,93458.23,93473.38
2024-11-26T10:05:41.484,93404.5,93549.0,93457.52,93470.75
2024-11-26T10:05:41.504,93404.5,93549.0,93457.04,93469.54
2024-11-26T10:05:41.524,93404.5,93549.0,93459.74,93472.875
2024-11-26T10:05:41.544,93404.5,93549.0,93460.12,93478.92
2024-11-26T10:05:41.564,93404.5,93549.0,93460.13,93480.35
2024-11-26T10:05:41.584,93404.5,93549.0,93460.79,93478.72
2024-11-26T10:05:41.604,93404.5,93549.0,93460.95,93478.336
2024-11-26T10:05:41.624,93404.5,93549.0,93461.08,93478.336
2024-11-26T10:05:41.644,93404.5,93549.0,93461.46,93479.6
2024-11-26T10:05:41.664,93404.5,93549.0,93461.49,93479.62
2024-11-26T10:05:41.684,93404.5,93549.0,93461.44,93479.62
2024-11-26T10:05:41.704,93404.5,93549.0,93461.52,93479.59
2024-11-26T10:05:41.724,93404.5,93549.0,93461.51,93479.59
2024-11-26T10:05:41.744,93404.5,93549.0,93461.39,93479.62
2024-11-26T10:05:41.784,93404.5,93549.0,93461.65,93479.414
2024-11-26T10:05:41.804,93404.5,93549.0,93461.664,93479.41
2024-11-26T10:05:41.824,93404.5,93549.0,93461.766,93476.11
2024-11-26T10:05:41.844,93404.5,93549.0,93461.71,93475.77
2024-11-26T10:05:41.864,93404.5,93549.0,93461.81,93475.71
2024-11-26T10:05:41.884,93404.5,93549.0,93461.25,93475.71
2024-11-26T10:05:41.904,93404.5,93549.0,93461.61,93475.67
2024-11-26T10:05:41.924,93404.5,93549.0,93460.73,93475.516
2024-11-26T10:05:41.944,93404.5,93549.0,93459.98,93474.74
2024-11-26T10:05:41.964,93404.5,93549.0,93459.586,93474.766
2024-11-26T10:05:41.984,93404.5,93549.0,93459.44,93474.875
2024-11-26T10:05:42.004,93404.5,93549.0,93458.734,93474.875
2024-11-26T10:05:42.024,93404.5,93549.0,93458.61,93474.875
2024-11-26T10:05:42.044,93404.5,93549.0,93458.61,93476.42
2024-11-26T10:05:42.064,93404.5,93549.0,93458.61,93476.69
2024-11-26T10:05:42.084,93404.5,93549.0,93458.63,93474.63
2024-11-26T10:05:42.104,93404.5,93549.0,93458.445,93475.27
2024-11-26T10:05:42.124,93404.5,93549.0,93457.76,93470.664
2024-11-26T10:05:42.144,93404.5,93549.0,93457.19,93468.79
2024-11-26T10:05:42.164,93404.5,93549.0,93455.836,93465.516
2024-11-26T10:05:42.184,93404.5,93549.0,93455.42,93467.86
2024-11-26T10:05:42.204,93404.5,93549.0,93455.94,93467.7
2024-11-26T10:05:42.224,93404.5,93549.0,93455.586,93467.664
2024-11-26T10:05:42.244,93404.5,93549.0,93455.59,93467.664
2024-11-26T10:05:42.264,93404.5,93549.0,93456.0,93468.13
2024-11-26T10:05:42.284,93404.5,93549.0,93456.8,93468.14
2024-11-26T10:05:42.304,93404.5,93549.0,93456.85,93468.13
2024-11-26T10:05:42.325,93404.5,93549.0,93457.58,93468.37
2024-11-26T10:05:42.344,93404.5,93549.0,93457.484,93468.266
2024-11-26T10:05:42.364,93404.5,93549.0,93457.37,93468.24
2024-11-26T10:05:42.384,93404.5,93549.0,93457.445,93468.24
2024-11-26T10:05:42.404,93404.5,93549.0,93456.63,93468.24
2024-11-26T10:05:42.424,93404.5,93549.0,93456.63,93468.305
2024-11-26T10:05:42.444,93404.5,93549.0,93455.79,93468.2
2024-11-26T10:05:42.464,93404.5,93549.0,93455.31,93467.086
2024-11-26T10:05:42.485,93404.5,93549.0,93455.17,93467.086
2024-11-26T10:05:42.504,93404.5,93549.0,93455.164,93467.086
2024-11-26T10:05:42.524,93404.5,93549.0,93455.164,93467.086
