server_time,best_bid_price,best_ask_price,avg_buy_price,avg_sell_price
2024-11-26T13:36:03.586,91977.0,91977.1,91972.805,91980.68
2024-11-26T13:36:03.604,91977.0,91977.1,91972.64,91982.67
2024-11-26T13:36:03.624,91977.0,91977.1,91972.64,91982.79
2024-11-26T13:36:03.644,91977.0,91977.1,91972.64,91983.29
2024-11-26T13:36:03.664,91977.0,91977.1,91972.62,91982.734
2024-11-26T13:36:03.684,91977.0,91977.1,91972.6,91982.734
2024-11-26T13:36:03.744,91977.0,91977.1,91972.53,91983.29
2024-11-26T13:36:03.764,91977.0,91977.1,91972.55,91983.13
2024-11-26T13:36:03.784,91979.9,91981.6,91975.086,91988.24
2024-11-26T13:36:03.804,91981.5,91981.6,91977.695,91991.31
2024-11-26T13:36:03.824,91981.5,91981.6,91977.61,91991.875
2024-11-26T13:36:03.844,91981.5,91981.6,91977.36,91993.13
2024-11-26T13:36:03.864,91981.5,91981.6,91977.41,91993.305
2024-11-26T13:36:03.884,91982.3,91982.4,91977.68,91994.02
2024-11-26T13:36:03.904,91982.3,91982.4,91978.46,91994.336
2024-11-26T13:36:03.924,91985.9,91986.0,91979.1,91994.29
2024-11-26T13:36:03.944,91985.9,91986.0,91978.84,91994.36
2024-11-26T13:36:03.964,91985.9,91986.0,91978.31,91995.16
2024-11-26T13:36:03.984,91985.9,91986.0,91978.055,91995.24
2024-11-26T13:36:04.004,91985.9,91986.0,91978.02,91994.91
2024-11-26T13:36:04.024,91987.3,91987.4,91980.25,91996.66
2024-11-26T13:36:04.044,91989.3,91989.4,91984.62,91999.04
2024-11-26T13:36:04.064,91989.3,91989.4,91984.39,92000.23
2024-11-26T13:36:04.084,91989.3,91989.4,91983.984,92000.0
2024-11-26T13:36:04.104,91991.3,91991.4,91985.62,92001.664
2024-11-26T13:36:04.124,91991.3,91991.4,91985.16,92001.914
2024-11-26T13:36:04.144,91991.3,91991.4,91985.02,92002.53
2024-11-26T13:36:04.164,91991.3,91991.4,91985.01,92002.62
2024-11-26T13:36:04.184,91991.6,91992.8,91986.38,92003.14
2024-11-26T13:36:04.204,91994.4,91994.8,91989.195,92003.96
2024-11-26T13:36:04.224,91998.3,91998.8,91991.46,92006.07
2024-11-26T13:36:04.244,91999.9,92000.0,91996.336,92008.23
2024-11-26T13:36:04.264,92000.8,92000.9,91995.31,92012.6
2024-11-26T13:36:04.284,92000.8,92000.9,91995.69,92012.49
2024-11-26T13:36:04.304,92000.8,92000.9,91994.1,92011.78
2024-11-26T13:36:04.324,92003.8,92003.9,91994.96,92009.57
2024-11-26T13:36:04.344,92003.8,92003.9,91993.41,92011.11
2024-11-26T13:36:04.364,92003.8,92003.9,91991.234,92011.164
2024-11-26T13:36:04.384,92003.8,92003.9,91991.01,92011.664
2024-11-26T13:36:04.404,92000.3,92000.4,91989.28,92006.97
2024-11-26T13:36:04.424,92000.3,92000.4,91989.3,92008.07
2024-11-26T13:36:04.444,92000.3,92000.4,91988.95,92009.52
2024-11-26T13:36:04.464,92000.3,92000.4,91988.89,92008.445
2024-11-26T13:36:04.484,92000.3,92000.4,91988.92,92008.86
2024-11-26T13:36:04.504,92000.3,92000.4,91988.92,92007.18
2024-11-26T13:36:04.524,91998.8,91999.3,91988.06,92005.516
2024-11-26T13:36:04.544,91999.1,91999.2,91988.11,92004.016
2024-11-26T13:36:04.564,91999.1,91999.2,91987.9,92004.67
2024-11-26T13:36:04.584,91999.1,91999.2,91987.88,92004.33
2024-11-26T13:36:04.604,91997.7,91997.8,91987.72,92003.34
2024-11-26T13:36:04.624,91995.3,91995.4,91987.39,92003.7
2024-11-26T13:36:04.644,91995.3,91995.4,91987.32,92003.95
2024-11-26T13:36:04.664,91995.3,91995.4,91987.48,92003.25
2024-11-26T13:36:04.684,91995.3,91995.4,91986.836,92002.19
2024-11-26T13:36:04.704,91995.3,91995.4,91983.836,92006.08
2024-11-26T13:36:04.724,91993.5,91993.6,91980.71,92001.36
2024-11-26T13:36:04.744,91993.5,91993.6,91980.16,91999.49
2024-11-26T13:36:04.764,91993.5,91993.6,91979.37,91999.74
2024-11-26T13:36:04.784,91993.5,91993.6,91979.69,92001.72
2024-11-26T13:36:04.804,91993.5,91993.6,91981.414,91998.8
2024-11-26T13:36:04.824,91993.5,91993.6,91981.38,91999.42
2024-11-26T13:36:04.844,91993.5,91993.6,91981.83,91999.42
2024-11-26T13:36:04.864,91993.5,91993.6,91981.83,92000.07
2024-11-26T13:36:04.884,91993.5,91993.6,91981.84,92000.05
2024-11-26T13:36:04.904,91993.5,91993.6,91982.11,92000.12
2024-11-26T13:36:04.924,91993.5,91993.6,91982.1,91999.54
2024-11-26T13:36:04.944,91993.5,91993.6,91982.38,92000.16
2024-11-26T13:36:04.965,91993.5,91993.6,91982.38,92000.28
2024-11-26T13:36:04.984,91993.5,91993.6,91981.96,91999.53
2024-11-26T13:36:05.004,91993.5,91993.6,91981.96,91999.48
2024-11-26T13:36:05.025,91993.5,91993.6,91981.805,91999.29
2024-11-26T13:36:05.044,91993.5,91993.6,91981.81,91999.3
2024-11-26T13:36:05.064,91993.5,91993.6,91981.15,91999.23
2024-11-26T13:36:05.084,91993.5,91993.6,91981.47,91999.23
2024-11-26T13:36:05.104,91993.5,91993.6,91980.63,91998.58
2024-11-26T13:36:05.125,91993.5,91993.6,91980.66,91998.58
2024-11-26T13:36:05.144,91993.5,91993.6,91980.66,91998.516
2024-11-26T13:36:05.164,91993.5,91993.6,91980.555,91998.516
2024-11-26T13:36:05.184,91993.5,91993.6,91980.836,91998.83
2024-11-26T13:36:05.204,91993.5,91993.6,91980.836,91999.15
2024-11-26T13:36:05.224,91993.5,91993.6,91980.74,91998.266
2024-11-26T13:36:05.244,91993.5,91993.6,91980.71,91998.57
2024-11-26T13:36:05.265,91993.5,91993.6,91980.85,91998.57
2024-11-26T13:36:05.284,91993.5,91993.6,91981.03,91998.57
2024-11-26T13:36:05.304,91993.5,91993.6,91981.05,91998.4
2024-11-26T13:36:05.325,91993.5,91993.6,91981.16,91998.4
2024-11-26T13:36:05.344,91993.5,91993.6,91981.125,91998.38
2024-11-26T13:36:05.364,91993.5,91993.6,91981.125,91998.375
2024-11-26T13:36:05.385,91993.5,91993.6,91981.125,91998.375
2024-11-26T13:36:05.424,91993.5,91993.6,91981.125,91998.39
2024-11-26T13:36:05.444,91993.5,91993.6,91981.125,91998.39
2024-11-26T13:36:05.465,91993.5,91993.6,91981.125,91998.39
2024-11-26T13:36:05.485,91993.5,91993.6,91981.04,91998.336
2024-11-26T13:36:05.504,91993.5,91993.6,91981.125,91998.336
2024-11-26T13:36:05.524,91993.5,91993.6,91981.43,91998.64
2024-11-26T13:36:05.544,91993.5,91993.6,91981.78,91999.48
2024-11-26T13:36:05.565,91993.5,91993.6,91982.04,91999.55
2024-11-26T13:36:05.584,91993.5,91993.6,91982.46,91999.95
2024-11-26T13:36:05.604,91993.5,91993.6,91981.85,92000.086
2024-11-26T13:36:05.625,91993.5,91993.6,91982.12,92000.23
2024-11-26T13:36:05.645,91993.5,91993.6,91982.02,92000.23
2024-11-26T13:36:05.664,91993.5,91993.6,91983.0,92000.28
2024-11-26T13:36:05.685,91993.5,91993.6,91982.99,92000.28
2024-11-26T13:36:05.704,91993.5,91993.6,91982.09,92000.28
2024-11-26T13:36:05.724,91993.5,91993.6,91982.086,92000.29
2024-11-26T13:36:05.764,91993.5,91993.6,91982.086,91999.414
2024-11-26T13:36:05.785,91993.5,91993.6,91982.99,91999.125
2024-11-26T13:36:05.804,91993.5,91993.6,91983.055,91999.875
2024-11-26T13:36:05.824,91993.5,91993.6,91983.07,91999.21
2024-11-26T13:36:05.845,91993.5,91993.6,91982.375,92000.2
2024-11-26T13:36:05.864,91993.5,91993.6,91983.39,92000.85
2024-11-26T13:36:05.884,91993.5,91993.6,91983.61,92001.445
2024-11-26T13:36:05.904,91993.5,91993.6,91983.586,92000.73
2024-11-26T13:36:05.924,91993.5,91993.6,91983.63,92000.664
2024-11-26T13:36:05.945,91993.5,91993.6,91983.48,91998.875
2024-11-26T13:36:05.964,91993.5,91993.6,91983.3,91997.375
2024-11-26T13:36:05.984,91993.5,91993.6,91983.21,91997.375
2024-11-26T13:36:06.004,91993.5,91993.6,91983.04,91997.02
2024-11-26T13:36:06.025,91993.5,91993.6,91983.04,91999.945
2024-11-26T13:36:06.044,91993.5,91993.6,91983.04,91997.46
2024-11-26T13:36:06.064,91993.5,91993.6,91983.06,91997.85
2024-11-26T13:36:06.084,91993.5,91993.6,91983.06,91999.92
2024-11-26T13:36:06.144,91993.5,91993.6,91983.3,91999.73
2024-11-26T13:36:06.164,91993.5,91993.6,91983.52,92002.03
2024-11-26T13:36:06.185,91993.5,91993.6,91983.65,92002.36
2024-11-26T13:36:06.204,91993.5,91993.6,91984.02,92003.41
2024-11-26T13:36:06.224,91993.5,91993.6,91984.27,92003.664
2024-11-26T13:36:06.244,91996.5,91996.6,91989.28,92007.53
2024-11-26T13:36:06.264,91996.5,91996.6,91989.78,92009.34
2024-11-26T13:36:06.284,91996.5,91996.6,91989.47,92011.61
2024-11-26T13:36:06.304,91996.5,91996.6,91988.92,92011.15
2024-11-26T13:36:06.324,91999.2,92000.0,91991.25,92008.9
2024-11-26T13:36:06.344,91999.9,92000.0,91991.51,92011.65
2024-11-26T13:36:06.364,91999.9,92000.0,91991.125,92011.875
2024-11-26T13:36:06.384,92002.7,92002.8,91994.51,92013.625
2024-11-26T13:36:06.404,92004.5,92005.8,91995.89,92015.01
2024-11-26T13:36:06.424,92005.7,92005.8,91998.086,92014.52
2024-11-26T13:36:06.444,92005.7,92005.8,91996.87,92013.16
2024-11-26T13:36:06.464,92005.7,92005.8,91995.45,92014.02
2024-11-26T13:36:06.484,92005.7,92005.8,91994.74,92012.43
2024-11-26T13:36:06.504,92005.7,92005.8,91993.88,92011.98
2024-11-26T13:36:06.524,92005.7,92005.8,91993.71,92011.555
2024-11-26T13:36:06.544,92005.7,92005.8,91993.55,92011.555
2024-11-26T13:36:06.564,92005.7,92005.8,91992.164,92012.0
2024-11-26T13:36:06.584,92005.7,92005.8,91992.336,92012.16
2024-11-26T13:36:06.604,92000.0,92000.1,91991.805,92007.586
2024-11-26T13:36:06.624,92000.0,92000.1,91992.164,92010.16
2024-11-26T13:36:06.644,92000.0,92000.1,91991.53,92009.19
2024-11-26T13:36:06.664,92000.0,92000.1,91991.516,92009.6
2024-11-26T13:36:06.684,92000.0,92000.1,91991.516,92009.76
2024-11-26T13:36:06.704,92000.0,92000.1,91991.46,92009.555
2024-11-26T13:36:06.724,92001.7,92001.8,91994.305,92013.05
2024-11-26T13:36:06.744,92003.4,92003.5,91995.625,92015.305
2024-11-26T13:36:06.764,92003.4,92003.5,91997.5,92014.46
2024-11-26T13:36:06.784,92003.4,92003.5,91995.48,92014.32
2024-11-26T13:36:06.804,92003.4,92003.5,91994.74,92016.54
2024-11-26T13:36:06.824,92003.6,92003.7,91996.67,92016.766
2024-11-26T13:36:06.844,92006.2,92006.3,91997.375,92016.55
2024-11-26T13:36:06.864,92006.2,92006.3,91997.0,92016.56
2024-11-26T13:36:06.884,92006.2,92006.3,91995.79,92014.02
2024-11-26T13:36:06.904,92006.2,92006.3,91995.47,92012.89
2024-11-26T13:36:06.924,92006.2,92006.3,91995.01,92012.766
2024-11-26T13:36:06.944,92006.2,92006.3,91994.83,92011.7
2024-11-26T13:36:06.964,92006.2,92006.3,91994.66,92011.664
2024-11-26T13:36:06.984,92006.2,92006.3,91993.516,92011.76
2024-11-26T13:36:07.004,92006.2,92006.3,91993.37,92011.76
2024-11-26T13:36:07.024,92006.2,92006.3,91993.37,92011.664
2024-11-26T13:36:07.044,92006.2,92006.3,91993.37,92011.62
2024-11-26T13:36:07.064,92006.2,92006.3,91993.37,92011.84
2024-11-26T13:36:07.084,92006.2,92006.3,91993.63,92011.92
2024-11-26T13:36:07.104,92006.2,92006.3,91993.54,92011.56
2024-11-26T13:36:07.124,92006.2,92006.3,91994.02,92012.25
2024-11-26T13:36:07.144,92006.2,92006.3,91994.086,92012.445
2024-11-26T13:36:07.164,92006.2,92006.3,91994.16,92012.55
2024-11-26T13:36:07.184,92006.2,92006.3,91993.914,92012.55
2024-11-26T13:36:07.204,92006.2,92006.3,91993.914,92011.65
2024-11-26T13:36:07.224,92006.2,92006.3,91993.82,92012.46
2024-11-26T13:36:07.244,92006.2,92006.3,91993.73,92012.53
2024-11-26T13:36:07.264,92006.2,92006.3,91993.7,92011.64
2024-11-26T13:36:07.284,92006.2,92006.3,91993.73,92012.42
2024-11-26T13:36:07.304,92006.2,92006.3,91993.73,92012.49
2024-11-26T13:36:07.324,92006.2,92006.3,91993.7,92011.97
2024-11-26T13:36:07.344,92006.2,92006.3,91993.71,92012.35
2024-11-26T13:36:07.364,92006.2,92006.3,91993.71,92012.39
2024-11-26T13:36:07.404,92006.2,92006.3,91993.82,92012.49
2024-11-26T13:36:07.424,92006.2,92006.3,91993.836,92012.52
2024-11-26T13:36:07.444,92006.2,92006.3,91993.82,92011.664
2024-11-26T13:36:07.464,92006.2,92006.3,91993.82,92011.54
2024-11-26T13:36:07.484,92006.2,92006.3,91993.984,92011.98
2024-11-26T13:36:07.504,92006.2,92006.3,91993.805,92011.89
2024-11-26T13:36:07.524,92006.2,92006.3,91993.83,92011.53
2024-11-26T13:36:07.544,92003.7,92003.8,91993.69,92009.47
2024-11-26T13:36:07.564,92000.6,92000.7,91993.91,92007.836
2024-11-26T13:36:07.584,92000.6,92000.7,91994.22,92010.38
2024-11-26T13:36:07.604,92000.6,92000.7,91994.49,92011.54
2024-11-26T13:36:07.624,92000.6,92000.7,91994.1,92011.445
2024-11-26T13:36:07.644,92000.6,92000.7,91994.26,92011.49
2024-11-26T13:36:07.664,92000.6,92000.7,91994.26,92011.516
2024-11-26T13:36:07.684,92000.6,92000.7,91994.2,92010.38
2024-11-26T13:36:07.704,92000.6,92000.7,91994.2,92010.63
2024-11-26T13:36:07.724,92000.6,92000.7,91994.01,92009.79
2024-11-26T13:36:07.744,92000.2,92000.3,91993.94,92007.88
2024-11-26T13:36:07.764,92000.2,92000.3,91993.86,92009.016
2024-11-26T13:36:07.784,92000.1,92000.2,91993.03,92008.28
2024-11-26T13:36:07.804,92000.0,92000.1,91992.23,92007.6
2024-11-26T13:36:07.824,92000.0,92000.1,91992.32,92008.71
2024-11-26T13:36:07.844,92000.0,92000.1,91992.32,92008.23
2024-11-26T13:36:07.864,92000.0,92000.1,91992.58,92009.22
2024-11-26T13:36:07.884,92000.0,92000.1,91992.7,92008.74
2024-11-26T13:36:07.904,92000.0,92000.1,91992.63,92008.984
2024-11-26T13:36:07.924,92000.0,92000.1,91992.516,92008.86
2024-11-26T13:36:07.945,92000.0,92000.1,91992.516,92008.86
2024-11-26T13:36:07.964,92000.0,92000.1,91992.51,92008.86
2024-11-26T13:36:08.004,92000.0,92000.1,91992.54,92008.84
2024-11-26T13:36:08.024,92000.0,92000.1,91992.54,92008.81
2024-11-26T13:36:08.044,92000.0,92000.1,91992.54,92009.2
2024-11-26T13:36:08.084,92000.0,92000.1,91992.51,92009.2
2024-11-26T13:36:08.124,92000.0,92000.1,91992.51,92009.27
2024-11-26T13:36:08.144,92000.0,92000.1,91992.51,92008.84
2024-11-26T13:36:08.164,92000.0,92000.1,91993.45,92009.4
2024-11-26T13:36:08.184,92000.0,92000.1,91993.46,92009.46
2024-11-26T13:36:08.204,92000.0,92000.1,91993.086,92010.96
2024-11-26T13:36:08.224,92000.0,92000.1,91992.74,92009.76
2024-11-26T13:36:08.244,92000.0,92000.1,91992.78,92009.66
2024-11-26T13:36:08.264,92000.0,92000.1,91992.54,92010.02
2024-11-26T13:36:08.284,92000.0,92000.1,91992.35,92009.2
2024-11-26T13:36:08.304,92000.0,92000.1,91991.71,92009.86
2024-11-26T13:36:08.324,92000.0,92000.1,91991.69,92009.86
2024-11-26T13:36:08.344,92000.0,92000.1,91991.69,92009.875
2024-11-26T13:36:08.364,92000.0,92000.1,91991.69,92009.85
2024-11-26T13:36:08.384,92000.0,92000.1,91992.28,92009.85
2024-11-26T13:36:08.424,92000.0,92000.1,91992.43,92009.555
2024-11-26T13:36:08.444,92000.0,92000.1,91992.41,92009.55
2024-11-26T13:36:08.484,92000.0,92000.1,91992.39,92009.586
2024-11-26T13:36:08.525,92000.0,92000.1,91993.016,92010.82
2024-11-26T13:36:08.544,92000.0,92000.1,91993.02,92011.55
2024-11-26T13:36:08.564,92000.0,92000.1,91993.02,92012.74
2024-11-26T13:36:08.584,92000.1,92000.2,91994.0,92013.234
2024-11-26T13:36:08.604,92003.7,92003.8,91995.66,92013.27
2024-11-26T13:36:08.624,92003.7,92003.8,91995.3,92013.41
2024-11-26T13:36:08.644,92003.7,92003.8,91995.18,92013.41
2024-11-26T13:36:08.664,92003.7,92003.8,91995.16,92013.41
2024-11-26T13:36:08.684,92003.7,92003.8,91995.164,92012.98
2024-11-26T13:36:08.704,92003.7,92003.8,91995.164,92012.96
2024-11-26T13:36:08.724,92003.7,92003.8,91995.164,92014.78
2024-11-26T13:36:08.744,92003.7,92003.8,91995.51,92015.664
2024-11-26T13:36:08.764,92003.7,92003.8,91996.09,92016.45
2024-11-26T13:36:08.784,92003.7,92003.8,91996.195,92017.26
2024-11-26T13:36:08.804,92003.7,92003.8,91996.195,92016.81
2024-11-26T13:36:08.824,92003.7,92003.8,91996.195,92017.08
2024-11-26T13:36:08.844,92003.7,92003.8,91996.164,92017.13
2024-11-26T13:36:08.864,92003.7,92003.8,91995.96,92017.13
2024-11-26T13:36:08.885,92003.7,92003.8,91995.81,92017.0
2024-11-26T13:36:08.904,92003.7,92003.8,91995.56,92016.555
2024-11-26T13:36:08.924,92003.7,92003.8,91995.3,92013.36
2024-11-26T13:36:08.944,92003.7,92003.8,91994.64,92011.336
2024-11-26T13:36:08.964,92003.7,92003.8,91994.52,92011.19
2024-11-26T13:36:08.985,92003.7,92003.8,91994.43,92011.234
2024-11-26T13:36:09.004,92003.7,92003.8,91994.53,92011.375
2024-11-26T13:36:09.024,92003.7,92003.8,91994.47,92011.5
2024-11-26T13:36:09.045,92003.7,92003.8,91994.06,92011.586
2024-11-26T13:36:09.064,92003.7,92003.8,91994.06,92011.56
2024-11-26T13:36:09.084,92003.7,92003.8,91993.96,92011.35
2024-11-26T13:36:09.125,92003.7,92003.8,91993.984,92011.34
2024-11-26T13:36:09.144,92003.7,92003.8,91993.52,92011.02
2024-11-26T13:36:09.164,92003.7,92003.8,91993.87,92011.016
2024-11-26T13:36:09.184,92003.7,92003.8,91993.97,92011.46
2024-11-26T13:36:09.204,92003.7,92003.8,91993.98,92011.484
2024-11-26T13:36:09.224,92000.0,92000.1,91993.84,92006.09
2024-11-26T13:36:09.244,92000.0,92000.1,91993.63,92009.55
2024-11-26T13:36:09.265,92000.0,92000.1,91993.76,92010.49
2024-11-26T13:36:09.285,92000.0,92000.1,91993.8,92007.51
2024-11-26T13:36:09.304,92000.0,92000.1,91993.6,92006.266
2024-11-26T13:36:09.324,92000.0,92000.1,91992.91,92006.98
2024-11-26T13:36:09.344,92000.0,92000.1,91992.52,92007.27
2024-11-26T13:36:09.364,92000.0,92000.1,91992.5,92007.32
2024-11-26T13:36:09.384,92000.0,92000.1,91992.62,92007.24
2024-11-26T13:36:09.404,92000.0,92000.1,91992.71,92007.45
2024-11-26T13:36:09.424,92000.0,92000.1,91992.484,92007.75
2024-11-26T13:36:09.444,92000.0,92000.1,91992.586,92007.61
2024-11-26T13:36:09.464,92000.0,92000.1,91992.58,92007.59
2024-11-26T13:36:09.484,92000.0,92000.1,91992.58,92007.32
2024-11-26T13:36:09.504,92000.0,92000.1,91992.58,92007.24
2024-11-26T13:36:09.544,92000.0,92000.1,91992.586,92007.24
2024-11-26T13:36:09.604,92000.0,92000.1,91992.586,92007.46
2024-11-26T13:36:09.624,92000.0,92000.1,91992.61,92007.52
2024-11-26T13:36:09.684,92000.0,92000.1,91992.61,92007.39
2024-11-26T13:36:09.704,92000.0,92000.1,91992.61,92007.52
2024-11-26T13:36:09.724,92000.0,92000.1,91991.82,92007.516
2024-11-26T13:36:09.744,92000.0,92000.1,91991.664,92007.484
2024-11-26T13:36:09.764,92000.0,92000.1,91991.664,92007.484
2024-11-26T13:36:09.784,92000.0,92000.1,91990.08,92007.484
2024-11-26T13:36:09.804,92000.0,92000.1,91990.19,92007.08
2024-11-26T13:36:09.824,92000.0,92000.1,91990.62,92007.07
2024-11-26T13:36:09.844,92000.0,92000.1,91990.62,92006.8
2024-11-26T13:36:09.864,92000.0,92000.1,91990.625,92006.82
2024-11-26T13:36:09.904,92000.0,92000.1,91990.625,92006.82
2024-11-26T13:36:09.924,92000.0,92000.1,91990.625,92006.81
2024-11-26T13:36:09.944,92000.0,92000.1,91990.63,92006.8
2024-11-26T13:36:09.964,92000.0,92000.1,91990.83,92006.664
2024-11-26T13:36:09.984,91999.6,91999.9,91989.46,92005.75
2024-11-26T13:36:10.004,91996.9,91997.0,91985.87,92001.84
2024-11-26T13:36:10.024,91996.9,91997.0,91984.05,92003.5
2024-11-26T13:36:10.044,91996.9,91997.0,91984.84,92003.81
2024-11-26T13:36:10.064,91996.9,91997.0,91986.195,92001.38
2024-11-26T13:36:10.084,91996.9,91997.0,91986.23,92002.21
2024-11-26T13:36:10.104,91996.9,91997.0,91985.78,92002.266
2024-11-26T13:36:10.124,91996.9,91997.0,91985.484,92002.43
2024-11-26T13:36:10.144,91996.9,91997.0,91985.43,92002.08
2024-11-26T13:36:10.164,91996.9,91997.0,91985.336,92002.266
2024-11-26T13:36:10.184,91996.9,91997.0,91985.336,92001.35
2024-11-26T13:36:10.204,91996.9,91997.0,91985.336,92002.63
2024-11-26T13:36:10.224,91996.9,91997.0,91985.336,92002.46
2024-11-26T13:36:10.244,91996.9,91997.0,91985.47,92002.36
2024-11-26T13:36:10.264,91996.9,91997.0,91985.48,92002.164
2024-11-26T13:36:10.284,91996.9,91997.0,91985.586,92002.28
2024-11-26T13:36:10.304,91996.9,91997.0,91985.48,92002.38
2024-11-26T13:36:10.324,91996.9,91997.0,91985.47,92002.03
2024-11-26T13:36:10.344,91996.9,91997.0,91985.48,92002.03
2024-11-26T13:36:10.364,91996.9,91997.0,91986.78,92001.75
2024-11-26T13:36:10.384,91996.9,91997.0,91987.08,92001.75
2024-11-26T13:36:10.404,91996.9,91997.0,91987.09,92001.64
2024-11-26T13:36:10.424,91996.9,91997.0,91987.28,92001.93
2024-11-26T13:36:10.444,91991.2,91991.3,91980.57,91995.45
2024-11-26T13:36:10.464,91991.2,91991.3,91979.52,91997.64
2024-11-26T13:36:10.484,91991.2,91991.3,91979.52,91998.625
2024-11-26T13:36:10.504,91991.2,91991.3,91979.64,91998.82
2024-11-26T13:36:10.524,91991.2,91991.3,91979.164,91997.61
2024-11-26T13:36:10.544,91991.2,91991.3,91979.31,91998.23
2024-11-26T13:36:10.564,91991.2,91991.3,91979.23,91999.35
2024-11-26T13:36:10.584,91991.2,91991.3,91978.555,91998.5
2024-11-26T13:36:10.604,91991.2,91991.3,91981.07,91997.13
2024-11-26T13:36:10.624,91991.2,91991.3,91981.01,91998.29
2024-11-26T13:36:10.644,91991.2,91991.3,91981.85,91998.266
2024-11-26T13:36:10.664,91991.2,91991.3,91981.85,91998.42
2024-11-26T13:36:10.684,91991.2,91991.3,91981.86,91997.63
2024-11-26T13:36:10.704,91991.2,91991.3,91981.875,91997.58
2024-11-26T13:36:10.724,91991.2,91991.3,91981.71,91998.625
2024-11-26T13:36:10.744,91991.2,91991.3,91981.76,91998.91
2024-11-26T13:36:10.764,91991.2,91991.3,91981.76,91999.27
2024-11-26T13:36:10.785,91991.2,91991.3,91981.76,91999.766
2024-11-26T13:36:10.804,91991.2,91991.3,91981.76,91999.8
2024-11-26T13:36:10.824,91991.2,91991.3,91981.76,91999.875
2024-11-26T13:36:10.844,91991.2,91991.3,91982.67,91999.84
2024-11-26T13:36:10.864,91991.2,91991.3,91982.6,91999.75
2024-11-26T13:36:10.884,91991.2,91991.3,91982.56,91999.75
2024-11-26T13:36:10.904,91991.2,91991.3,91981.71,91999.625
2024-11-26T13:36:10.965,91991.2,91991.3,91982.555,91999.625
2024-11-26T13:36:11.024,91991.2,91991.3,91981.71,91999.03
2024-11-26T13:36:11.044,91991.2,91991.3,91981.83,91999.03
2024-11-26T13:36:11.064,91991.2,91991.3,91981.83,91999.625
2024-11-26T13:36:11.084,91991.2,91991.3,91982.24,91999.03
2024-11-26T13:36:11.104,91991.2,91991.3,91982.28,91999.625
2024-11-26T13:36:11.124,91991.2,91991.3,91982.09,91999.625
2024-11-26T13:36:11.145,91991.2,91991.3,91982.086,91999.03
2024-11-26T13:36:11.164,91991.2,91991.3,91982.086,91999.03
2024-11-26T13:36:11.184,91991.2,91991.3,91982.086,91999.62
2024-11-26T13:36:11.204,91991.2,91991.3,91981.68,91999.64
2024-11-26T13:36:11.224,91991.2,91991.3,91981.68,91999.64
2024-11-26T13:36:11.245,91991.2,91991.3,91981.64,91999.61
2024-11-26T13:36:11.264,91991.2,91991.3,91981.664,92000.39
2024-11-26T13:36:11.304,91991.2,91991.3,91981.664,92000.37
2024-11-26T13:36:11.324,91991.2,91991.3,91981.67,92000.32
2024-11-26T13:36:11.345,91991.2,91991.3,91981.67,91999.62
2024-11-26T13:36:11.364,91991.2,91991.3,91981.664,91999.62
2024-11-26T13:36:11.384,91991.2,91991.3,91981.82,91999.62
2024-11-26T13:36:11.404,91991.2,91991.3,91981.82,92000.36
2024-11-26T13:36:11.424,91991.2,91991.3,91981.85,92000.63
2024-11-26T13:36:11.444,91991.2,91991.3,91981.96,92002.3
2024-11-26T13:36:11.464,91991.2,91991.3,91982.12,92003.41
2024-11-26T13:36:11.484,91991.2,91991.3,91982.32,92004.164
2024-11-26T13:36:11.504,91991.2,91991.3,91982.32,92004.805
2024-11-26T13:36:11.524,91991.2,91991.3,91983.32,92004.23
2024-11-26T13:36:11.544,91991.2,91991.3,91983.32,92004.1
2024-11-26T13:36:11.564,91992.9,91993.0,91984.36,92005.02
2024-11-26T13:36:11.584,91997.2,91997.3,91991.13,92007.74
2024-11-26T13:36:11.604,91999.8,91999.9,91992.086,92010.24
2024-11-26T13:36:11.624,91999.8,91999.9,91990.18,92009.56
2024-11-26T13:36:11.644,91999.8,91999.9,91989.59,92008.79
2024-11-26T13:36:11.664,91999.8,91999.9,91989.05,92008.305
2024-11-26T13:36:11.684,91999.8,91999.9,91988.77,92007.99
2024-11-26T13:36:11.704,91999.8,91999.9,91992.08,92008.414
2024-11-26T13:36:11.724,91999.8,91999.9,91989.92,92005.555
2024-11-26T13:36:11.744,91999.8,91999.9,91986.51,92005.74
2024-11-26T13:36:11.764,91998.2,91998.3,91986.5,92002.47
2024-11-26T13:36:11.784,91998.2,91998.3,91986.37,92006.6
2024-11-26T13:36:11.804,91998.2,91998.3,91986.2,92008.11
2024-11-26T13:36:11.824,91998.2,91998.3,91986.21,92008.15
2024-11-26T13:36:11.844,91998.2,91998.3,91986.21,92007.01
2024-11-26T13:36:11.864,91998.2,91998.3,91986.21,92007.375
2024-11-26T13:36:11.884,91998.2,91998.3,91986.21,92007.38
2024-11-26T13:36:11.904,91998.2,91998.3,91986.336,92006.914
2024-11-26T13:36:11.924,91998.2,91998.3,91986.49,92006.914
2024-11-26T13:36:11.944,91998.2,91998.3,91986.65,92006.914
2024-11-26T13:36:11.964,91998.2,91998.3,91986.45,92006.914
2024-11-26T13:36:11.984,91998.2,91998.3,91986.33,92006.61
2024-11-26T13:36:12.004,91998.2,91998.3,91986.45,92006.61
2024-11-26T13:36:12.084,91998.2,91998.3,91986.65,92006.62
2024-11-26T13:36:12.104,91998.2,91998.3,91986.78,92007.375
2024-11-26T13:36:12.124,91998.2,91998.3,91986.78,92006.79
2024-11-26T13:36:12.144,91998.2,91998.3,91986.58,92006.6
2024-11-26T13:36:12.164,91998.2,91998.3,91986.58,92006.3
2024-11-26T13:36:12.184,91998.2,91998.3,91986.58,92006.16
2024-11-26T13:36:12.204,91998.2,91998.3,91985.98,92006.484
2024-11-26T13:36:12.224,91998.2,91998.3,91986.09,92005.97
2024-11-26T13:36:12.244,91998.2,91998.3,91986.336,92006.31
2024-11-26T13:36:12.264,91998.2,91998.3,91986.195,92006.336
2024-11-26T13:36:12.284,91998.2,91998.3,91986.35,92006.2
2024-11-26T13:36:12.304,91998.2,91998.3,91986.35,92005.94
2024-11-26T13:36:12.324,91998.2,91998.3,91985.95,92005.836
2024-11-26T13:36:12.344,91998.2,91998.3,91986.36,92005.836
2024-11-26T13:36:12.364,91998.2,91998.3,91986.36,92005.836
2024-11-26T13:36:12.384,91998.2,91998.3,91985.89,92005.87
2024-11-26T13:36:12.404,91998.2,91998.3,91985.85,92006.29
2024-11-26T13:36:12.424,91998.2,91998.3,91985.84,92006.29
2024-11-26T13:36:12.444,91998.2,91998.3,91985.72,92006.29
2024-11-26T13:36:12.464,91998.2,91998.3,91985.84,92006.29
2024-11-26T13:36:12.484,91998.2,91998.3,91985.84,92006.28
2024-11-26T13:36:12.504,91998.2,91998.3,91987.516,92006.914
2024-11-26T13:36:12.524,91998.2,91998.3,91988.39,92008.195
2024-11-26T13:36:12.544,91999.9,92000.0,91995.47,92009.0
2024-11-26T13:36:12.564,91999.9,92000.0,91994.35,92008.086
2024-11-26T13:36:12.584,91999.9,92000.0,91992.78,92009.64
2024-11-26T13:36:12.604,91999.9,92000.0,91992.75,92007.11
2024-11-26T13:36:12.624,91999.9,92000.0,91992.65,92005.99
2024-11-26T13:36:12.644,91999.9,92000.0,91992.84,92008.6
2024-11-26T13:36:12.664,91999.9,92000.0,91992.766,92008.96
2024-11-26T13:36:12.684,91999.9,92000.0,91992.766,92008.72
2024-11-26T13:36:12.704,91999.9,92000.0,91992.766,92007.76
2024-11-26T13:36:12.724,91999.9,92000.0,91992.766,92008.7
2024-11-26T13:36:12.745,91999.9,92000.0,91992.5,92008.98
2024-11-26T13:36:12.764,91999.9,92000.0,91992.445,92009.0
2024-11-26T13:36:12.804,91999.9,92000.0,91992.43,92008.98
2024-11-26T13:36:12.824,91999.9,92000.0,91992.414,92008.98
2024-11-26T13:36:12.844,91999.9,92000.0,91992.414,92008.72
2024-11-26T13:36:12.864,91999.9,92000.0,91992.69,92008.98
2024-11-26T13:36:12.884,91999.9,92000.0,91993.375,92009.375
2024-11-26T13:36:12.904,91999.9,92000.0,91993.25,92009.01
2024-11-26T13:36:12.924,91999.9,92000.0,91990.99,92008.305
2024-11-26T13:36:12.944,91999.9,92000.0,91990.484,92007.125
2024-11-26T13:36:12.964,91999.9,92000.0,91990.39,92006.836
2024-11-26T13:36:12.985,91999.9,92000.0,91990.39,92006.71
2024-11-26T13:36:13.004,91999.9,92010.5,91990.33,92013.9
2024-11-26T13:36:13.024,92000.5,92000.6,91992.016,92009.41
2024-11-26T13:36:13.044,92000.5,92000.6,91992.1,92009.62
2024-11-26T13:36:13.064,92000.5,92000.6,91992.06,92009.484
2024-11-26T13:36:13.084,92000.5,92000.6,91992.85,92010.56
2024-11-26T13:36:13.104,92000.5,92000.6,91992.86,92010.19
2024-11-26T13:36:13.124,92000.5,92000.6,91992.836,92010.12
2024-11-26T13:36:13.144,92000.5,92000.6,91992.836,92010.14
2024-11-26T13:36:13.164,92000.5,92000.6,91992.836,92010.01
2024-11-26T13:36:13.184,92000.5,92000.6,91992.836,92009.51
2024-11-26T13:36:13.204,92000.5,92000.6,91992.836,92009.625
2024-11-26T13:36:13.224,92000.5,92000.6,91992.08,92007.836
2024-11-26T13:36:13.244,92000.5,92000.6,91991.78,92008.0
2024-11-26T13:36:13.264,92000.0,92000.1,91991.81,92005.695
2024-11-26T13:36:13.284,92000.0,92000.1,91991.08,92008.06
2024-11-26T13:36:13.304,92000.0,92000.1,91991.15,92008.27
2024-11-26T13:36:13.324,92000.0,92000.1,91991.055,92008.9
2024-11-26T13:36:13.344,91999.9,92000.0,91990.734,92005.07
2024-11-26T13:36:13.364,91999.9,92000.0,91990.71,92005.53
2024-11-26T13:36:13.384,91999.9,92000.0,91990.66,92005.53
2024-11-26T13:36:13.404,91999.9,92000.0,91990.66,92006.9
2024-11-26T13:36:13.424,91999.9,92000.0,91990.66,92005.89
2024-11-26T13:36:13.444,91999.9,92000.0,91990.72,92005.305
2024-11-26T13:36:13.464,91999.9,92000.0,91990.72,92005.445
2024-11-26T13:36:13.484,91999.9,92000.0,91990.72,92005.32
2024-11-26T13:36:13.504,91999.9,92000.0,91990.66,92005.32
2024-11-26T13:36:13.524,91999.9,92000.0,91990.66,92005.32
2024-11-26T13:36:13.544,91999.9,92000.0,91990.54,92005.266
2024-11-26T13:36:13.564,91999.9,92000.0,91990.516,92005.38
2024-11-26T13:36:13.584,91999.9,92000.0,91990.375,92004.79
2024-11-26T13:36:13.664,91999.9,92000.0,91990.44,92004.766
2024-11-26T13:36:13.684,91999.9,92000.0,91990.55,92004.766
2024-11-26T13:36:13.744,91999.9,92000.0,91990.55,92003.766
2024-11-26T13:36:13.764,91999.9,92000.0,91990.51,92003.766
2024-11-26T13:36:13.864,91999.9,92000.0,91990.55,92003.766
2024-11-26T13:36:13.884,91999.9,92000.0,91990.55,92003.766
2024-11-26T13:36:13.904,91999.9,92000.0,91990.55,92003.766
2024-11-26T13:36:13.944,91999.9,92000.0,91990.51,92003.766
2024-11-26T13:36:13.964,91999.9,92000.0,91990.555,92003.766
2024-11-26T13:36:14.024,91999.9,92000.0,91990.586,92003.766
2024-11-26T13:36:14.064,91999.9,92000.0,91990.586,92003.67
2024-11-26T13:36:14.084,91999.9,92000.0,91990.586,92003.67
2024-11-26T13:36:14.104,91999.9,92000.0,91990.586,92003.68
2024-11-26T13:36:14.124,91999.9,92000.0,91990.55,92003.125
2024-11-26T13:36:14.144,91999.9,92000.0,91990.164,92003.12
2024-11-26T13:36:14.164,91999.9,92000.0,91990.164,92003.12
2024-11-26T13:36:14.184,91999.9,92000.0,91990.164,92003.11
2024-11-26T13:36:14.204,91999.9,92000.0,91990.2,92003.11
2024-11-26T13:36:14.224,91990.7,91992.9,91982.57,92000.68
2024-11-26T13:36:14.244,91990.0,91990.1,91982.164,91994.94
2024-11-26T13:36:14.264,91984.3,91985.6,91976.234,91991.555
2024-11-26T13:36:14.284,91984.3,91984.4,91975.805,91992.305
2024-11-26T13:36:14.304,91984.3,91984.4,91976.53,91992.91
2024-11-26T13:36:14.324,91984.3,91984.4,91976.59,91992.62
2024-11-26T13:36:14.344,91984.3,91984.4,91976.59,91991.52
2024-11-26T13:36:14.364,91984.3,91984.4,91976.445,91992.96
2024-11-26T13:36:14.384,91984.3,91984.4,91976.195,91994.52
2024-11-26T13:36:14.404,91984.3,91984.4,91975.93,91994.336
2024-11-26T13:36:14.424,91984.3,91984.4,91975.93,91994.36
2024-11-26T13:36:14.444,91984.3,91984.4,91975.93,91994.96
2024-11-26T13:36:14.464,91984.3,91984.4,91976.1,91994.96
2024-11-26T13:36:14.484,91984.3,91984.4,91976.15,91994.36
2024-11-26T13:36:14.504,91984.3,91984.4,91976.15,91993.695
2024-11-26T13:36:14.524,91984.3,91984.4,91976.15,91994.23
2024-11-26T13:36:14.544,91984.3,91984.4,91976.15,91994.23
2024-11-26T13:36:14.564,91984.3,91984.4,91976.28,91994.3
2024-11-26T13:36:14.584,91984.3,91984.4,91976.28,91993.1
2024-11-26T13:36:14.604,91984.3,91984.4,91976.09,91994.266
2024-11-26T13:36:14.624,91984.3,91984.4,91976.09,91992.81
2024-11-26T13:36:14.644,91984.3,91984.4,91976.09,91992.45
2024-11-26T13:36:14.664,91984.3,91984.4,91976.09,91991.484
2024-11-26T13:36:14.704,91984.3,91984.4,91976.09,91991.484
2024-11-26T13:36:14.724,91984.3,91984.4,91976.09,91991.52
2024-11-26T13:36:14.744,91984.3,91984.4,91976.09,91991.52
2024-11-26T13:36:14.784,91984.2,91984.3,91975.84,91989.195
2024-11-26T13:36:14.804,91984.2,91984.3,91975.91,91989.234
2024-11-26T13:36:14.824,91984.2,91984.3,91976.016,91989.23
2024-11-26T13:36:14.844,91984.2,91984.3,91975.89,91989.03
2024-11-26T13:36:14.864,91984.2,91984.3,91975.91,91987.96
2024-11-26T13:36:14.924,91984.2,91984.3,91975.89,91987.96
2024-11-26T13:36:14.944,91984.2,91984.3,91975.89,91987.97
2024-11-26T13:36:14.964,91984.2,91984.3,91975.89,91987.984
2024-11-26T13:36:15.084,91984.2,91984.3,91975.875,91987.984
2024-11-26T13:36:15.124,91984.2,91984.3,91975.875,91988.33
2024-11-26T13:36:15.144,91984.2,91984.3,91975.875,91988.28
2024-11-26T13:36:15.164,91984.2,91984.3,91975.89,91988.28
2024-11-26T13:36:15.184,91984.2,91984.3,91975.89,91988.26
2024-11-26T13:36:15.224,91984.2,91984.3,91975.89,91989.49
2024-11-26T13:36:15.244,91984.2,91984.3,91976.0,91989.49
2024-11-26T13:36:15.284,91984.2,91984.3,91976.016,91989.484
2024-11-26T13:36:15.324,91984.2,91984.3,91975.9,91989.414
2024-11-26T13:36:15.344,91984.2,91984.3,91975.9,91989.51
2024-11-26T13:36:15.384,91984.2,91984.3,91975.9,91989.52
2024-11-26T13:36:15.404,91984.2,91984.3,91976.14,91989.52
2024-11-26T13:36:15.444,91984.2,91984.3,91976.14,91988.28
2024-11-26T13:36:15.464,91984.2,91984.3,91976.13,91988.29
2024-11-26T13:36:15.484,91984.2,91984.3,91976.5,91988.27
2024-11-26T13:36:15.504,91984.2,91984.3,91976.28,91988.27
2024-11-26T13:36:15.524,91984.2,91984.3,91976.3,91988.266
2024-11-26T13:36:15.544,91984.2,91984.3,91976.3,91988.266
2024-11-26T13:36:15.564,91984.2,91984.3,91976.3,91988.234
2024-11-26T13:36:15.604,91984.2,91984.3,91976.28,91988.22
2024-11-26T13:36:15.624,91984.2,91984.3,91975.95,91988.125
2024-11-26T13:36:15.644,91984.2,91984.3,91975.92,91988.19
2024-11-26T13:36:15.664,91984.2,91984.3,91975.92,91988.19
2024-11-26T13:36:15.684,91984.2,91984.3,91975.64,91988.19
2024-11-26T13:36:15.704,91982.0,91982.1,91974.17,91986.164
2024-11-26T13:36:15.724,91982.0,91982.1,91974.164,91990.555
2024-11-26T13:36:15.744,91982.0,91982.1,91974.164,91989.88
2024-11-26T13:36:15.764,91982.0,91982.1,91974.63,91990.07
2024-11-26T13:36:15.784,91982.0,91982.1,91974.18,91991.1
2024-11-26T13:36:15.804,91982.0,91982.1,91974.06,91990.82
2024-11-26T13:36:15.824,91982.0,91982.1,91974.05,91990.086
2024-11-26T13:36:15.844,91982.0,91982.1,91974.164,91990.09
2024-11-26T13:36:15.864,91982.0,91982.1,91974.484,91989.16
2024-11-26T13:36:15.884,91982.0,91982.1,91974.49,91988.78
2024-11-26T13:36:15.904,91982.0,91982.1,91974.7,91988.734
2024-11-26T13:36:15.924,91982.0,91982.1,91974.555,91988.734
2024-11-26T13:36:15.944,91982.0,91982.1,91976.23,91987.72
2024-11-26T13:36:15.964,91982.0,91982.1,91976.15,91986.78
2024-11-26T13:36:15.984,91982.0,91982.1,91976.164,91986.66
2024-11-26T13:36:16.004,91982.0,91982.1,91975.88,91986.66
2024-11-26T13:36:16.024,91982.0,91982.1,91975.805,91986.71
2024-11-26T13:36:16.044,91982.0,91982.1,91975.83,91986.71
2024-11-26T13:36:16.064,91982.0,91982.1,91975.75,91986.805
2024-11-26T13:36:16.084,91982.0,91982.1,91975.664,91988.04
2024-11-26T13:36:16.104,91982.0,91982.1,91976.0,91988.11
2024-11-26T13:36:16.124,91982.0,91982.1,91975.914,91988.12
2024-11-26T13:36:16.144,91982.0,91982.1,91975.99,91988.11
2024-11-26T13:36:16.164,91982.0,91982.1,91976.01,91988.12
2024-11-26T13:36:16.204,91982.0,91982.1,91976.01,91988.11
2024-11-26T13:36:16.224,91982.0,91982.1,91976.01,91988.11
2024-11-26T13:36:16.244,91982.0,91982.1,91975.984,91988.03
2024-11-26T13:36:16.264,91982.0,91982.1,91975.89,91988.02
2024-11-26T13:36:16.284,91982.0,91982.1,91975.89,91988.02
2024-11-26T13:36:16.304,91982.0,91982.1,91975.89,91988.08
2024-11-26T13:36:16.324,91982.0,91982.1,91975.875,91987.99
2024-11-26T13:36:16.364,91982.0,91982.1,91975.89,91987.99
2024-11-26T13:36:16.384,91975.6,91977.2,91969.11,91981.336
2024-11-26T13:36:16.404,91975.6,91975.7,91969.695,91981.516
2024-11-26T13:36:16.424,91973.9,91974.0,91967.57,91976.95
2024-11-26T13:36:16.444,91973.9,91974.0,91966.91,91979.81
2024-11-26T13:36:16.464,91973.9,91974.0,91969.52,91980.12
2024-11-26T13:36:16.484,91973.9,91974.0,91967.91,91979.78
2024-11-26T13:36:16.504,91973.9,91974.0,91967.2,91979.66
2024-11-26T13:36:16.524,91973.9,91974.0,91967.2,91978.664
2024-11-26T13:36:16.544,91973.9,91974.0,91967.18,91975.92
2024-11-26T13:36:16.584,91973.9,91974.0,91967.18,91978.27
2024-11-26T13:36:16.604,91973.9,91974.0,91967.18,91978.88
2024-11-26T13:36:16.624,91973.9,91974.0,91967.18,91978.29
2024-11-26T13:36:16.644,91973.9,91974.0,91967.27,91976.13
2024-11-26T13:36:16.664,91973.9,91974.0,91967.27,91976.05
2024-11-26T13:36:16.684,91973.9,91974.0,91969.25,91976.06
2024-11-26T13:36:16.704,91973.9,91974.0,91969.25,91976.06
2024-11-26T13:36:16.724,91973.9,91974.0,91969.836,91976.555
2024-11-26T13:36:16.744,91973.9,91974.0,91969.88,91976.91
2024-11-26T13:36:16.764,91973.9,91974.0,91969.57,91977.73
2024-11-26T13:36:16.784,91973.9,91974.0,91969.49,91977.73
2024-11-26T13:36:16.804,91973.9,91974.0,91969.48,91977.73
2024-11-26T13:36:16.824,91973.9,91974.0,91969.48,91977.72
2024-11-26T13:36:16.844,91973.9,91974.0,91969.53,91977.72
2024-11-26T13:36:16.884,91973.9,91974.0,91971.055,91980.18
2024-11-26T13:36:16.905,91973.9,91974.0,91971.836,91979.81
2024-11-26T13:36:16.924,91973.9,91974.0,91971.81,91979.805
2024-11-26T13:36:16.944,91973.9,91974.0,91972.266,91980.23
2024-11-26T13:36:16.964,91973.9,91974.0,91972.1,91980.05
2024-11-26T13:36:16.985,91973.9,91974.0,91972.12,91979.49
2024-11-26T13:36:17.004,91973.9,91974.0,91972.055,91979.83
2024-11-26T13:36:17.024,91973.9,91974.0,91970.984,91980.26
2024-11-26T13:36:17.044,91973.9,91974.0,91972.0,91980.42
2024-11-26T13:36:17.064,91973.9,91974.0,91972.15,91980.43
2024-11-26T13:36:17.085,91973.9,91974.0,91971.164,91980.375
2024-11-26T13:36:17.104,91973.9,91974.0,91971.125,91980.31
2024-11-26T13:36:17.124,91973.9,91974.0,91972.26,91980.31
2024-11-26T13:36:17.145,91973.9,91974.0,91971.91,91980.31
2024-11-26T13:36:17.164,91973.9,91974.0,91970.67,91980.27
2024-11-26T13:36:17.184,91973.9,91974.0,91970.94,91980.4
2024-11-26T13:36:17.204,91973.9,91974.0,91970.914,91981.266
2024-11-26T13:36:17.224,91973.9,91974.0,91970.52,91981.21
2024-11-26T13:36:17.244,91973.9,91974.0,91970.52,91981.18
2024-11-26T13:36:17.264,91973.9,91974.0,91970.516,91981.18
2024-11-26T13:36:17.284,91973.9,91974.0,91970.88,91981.28
2024-11-26T13:36:17.304,91973.9,91974.0,91972.63,91981.54
2024-11-26T13:36:17.324,91973.9,91974.0,91972.3,91981.24
2024-11-26T13:36:17.344,91973.9,91974.0,91970.9,91981.58
2024-11-26T13:36:17.365,91973.9,91974.0,91971.8,91980.33
2024-11-26T13:36:17.385,91973.9,91974.0,91971.695,91980.31
2024-11-26T13:36:17.404,91973.9,91974.0,91971.9,91980.23
2024-11-26T13:36:17.424,91973.9,91974.0,91971.74,91980.02
2024-11-26T13:36:17.444,91973.9,91974.0,91971.78,91979.984
2024-11-26T13:36:17.464,91973.9,91974.0,91970.9,91980.61
2024-11-26T13:36:17.484,91973.9,91974.0,91970.9,91980.59
2024-11-26T13:36:17.504,91973.9,91974.0,91970.9,91980.48
2024-11-26T13:36:17.544,91973.9,91974.0,91970.9,91980.73
2024-11-26T13:36:17.585,91973.9,91974.0,91970.94,91980.49
2024-11-26T13:36:17.604,91973.9,91974.0,91970.93,91980.234
2024-11-26T13:36:17.625,91973.9,91974.0,91972.54,91981.2
2024-11-26T13:36:17.645,91973.9,91974.0,91972.58,91981.305
2024-11-26T13:36:17.665,91973.9,91974.0,91972.57,91981.305
2024-11-26T13:36:17.684,91973.9,91974.0,91972.586,91981.51
2024-11-26T13:36:17.704,91973.9,91974.0,91972.586,91982.28
2024-11-26T13:36:17.725,91973.9,91974.0,91972.57,91982.07
2024-11-26T13:36:17.744,91973.9,91974.0,91972.57,91982.086
2024-11-26T13:36:17.764,91973.9,91974.0,91972.57,91981.52
2024-11-26T13:36:17.785,91973.9,91974.0,91972.28,91981.65
2024-11-26T13:36:17.805,91973.9,91974.0,91971.24,91981.61
2024-11-26T13:36:17.824,91973.9,91974.0,91971.23,91981.41
2024-11-26T13:36:17.864,91973.8,91973.9,91969.34,91980.5
2024-11-26T13:36:17.884,91973.8,91973.9,91969.35,91977.94
2024-11-26T13:36:17.925,91973.8,91973.9,91969.35,91977.8
2024-11-26T13:36:17.944,91973.8,91973.9,91969.35,91977.19
2024-11-26T13:36:17.965,91973.8,91973.9,91969.35,91977.19
2024-11-26T13:36:18.004,91973.8,91973.9,91969.336,91977.19
2024-11-26T13:36:18.025,91973.8,91973.9,91969.336,91977.875
2024-11-26T13:36:18.045,91973.8,91973.9,91969.33,91978.02
2024-11-26T13:36:18.064,91973.8,91973.9,91969.27,91978.02
2024-11-26T13:36:18.084,91973.8,91973.9,91969.15,91978.02
2024-11-26T13:36:18.105,91973.8,91973.9,91969.164,91977.87
2024-11-26T13:36:18.124,91973.8,91973.9,91969.164,91977.19
2024-11-26T13:36:18.164,91973.8,91973.9,91969.164,91977.055
2024-11-26T13:36:18.204,91973.8,91973.9,91970.016,91977.19
2024-11-26T13:36:18.264,91973.8,91973.9,91969.195,91977.19
2024-11-26T13:36:18.284,91973.8,91973.9,91969.63,91978.49
2024-11-26T13:36:18.304,91973.8,91973.9,91969.63,91977.83
2024-11-26T13:36:18.324,91973.8,91973.9,91969.586,91977.81
2024-11-26T13:36:18.364,91973.8,91973.9,91969.586,91977.77
2024-11-26T13:36:18.405,91973.8,91973.9,91969.586,91976.99
2024-11-26T13:36:18.424,91973.8,91973.9,91969.586,91977.055
2024-11-26T13:36:18.444,91973.8,91973.9,91969.586,91977.055
2024-11-26T13:36:18.464,91973.8,91973.9,91969.586,91977.11
2024-11-26T13:36:18.485,91973.8,91973.9,91969.63,91977.11
2024-11-26T13:36:18.524,91973.8,91973.9,91969.63,91977.055
2024-11-26T13:36:18.544,91973.8,91973.9,91970.305,91978.25
2024-11-26T13:36:18.564,91973.8,91973.9,91969.22,91978.3
2024-11-26T13:36:18.585,91973.8,91973.9,91969.07,91978.3
2024-11-26T13:36:18.604,91973.8,91973.9,91969.06,91978.87
2024-11-26T13:36:18.624,91973.8,91973.9,91969.06,91978.766
2024-11-26T13:36:18.645,91973.8,91973.9,91968.7,91978.49
2024-11-26T13:36:18.664,91973.8,91973.9,91970.07,91978.49
2024-11-26T13:36:18.684,91973.8,91973.9,91969.56,91978.49
2024-11-26T13:36:18.704,91973.8,91973.9,91969.56,91978.38
2024-11-26T13:36:18.724,91973.8,91973.9,91969.56,91978.38
2024-11-26T13:36:18.765,91973.8,91973.9,91969.56,91978.41
2024-11-26T13:36:18.844,91973.8,91973.9,91969.27,91978.41
2024-11-26T13:36:18.924,91973.8,91973.9,91969.27,91978.38
2024-11-26T13:36:18.944,91973.8,91973.9,91969.29,91978.39
2024-11-26T13:36:18.964,91973.8,91973.9,91969.29,91978.375
2024-11-26T13:36:19.025,91973.8,91973.9,91969.266,91978.375
2024-11-26T13:36:19.064,91973.8,91973.9,91969.23,91979.3
2024-11-26T13:36:19.084,91973.8,91973.9,91969.6,91980.0
2024-11-26T13:36:19.104,91973.8,91973.9,91970.35,91980.05
2024-11-26T13:36:19.124,91973.8,91973.9,91970.36,91981.305
2024-11-26T13:36:19.144,91973.8,91973.9,91970.33,91980.94
2024-11-26T13:36:19.164,91973.8,91973.9,91970.33,91980.75
2024-11-26T13:36:19.184,91973.8,91973.9,91969.9,91980.68
2024-11-26T13:36:19.204,91973.8,91973.9,91969.9,91980.67
2024-11-26T13:36:19.224,91973.8,91973.9,91969.9,91979.03
2024-11-26T13:36:19.244,91973.8,91973.9,91969.9,91979.52
2024-11-26T13:36:19.264,91973.8,91973.9,91969.85,91979.4
2024-11-26T13:36:19.285,91973.8,91973.9,91969.836,91979.47
2024-11-26T13:36:19.325,91973.8,91973.9,91969.88,91981.2
2024-11-26T13:36:19.345,91973.8,91973.9,91969.88,91979.266
2024-11-26T13:36:19.364,91973.8,91973.9,91969.88,91979.25
2024-11-26T13:36:19.385,91973.8,91973.9,91969.91,91979.25
2024-11-26T13:36:19.404,91973.8,91973.9,91969.91,91979.33
2024-11-26T13:36:19.424,91973.8,91973.9,91970.016,91978.48
2024-11-26T13:36:19.444,91973.8,91973.9,91970.01,91978.695
2024-11-26T13:36:19.464,91973.8,91973.9,91970.055,91978.695
2024-11-26T13:36:19.484,91973.8,91973.9,91970.055,91978.695
2024-11-26T13:36:19.504,91973.8,91973.9,91970.055,91978.62
2024-11-26T13:36:19.524,91973.8,91973.9,91970.06,91978.62
2024-11-26T13:36:19.545,91973.8,91973.9,91970.0,91978.62
2024-11-26T13:36:19.565,91973.8,91973.9,91969.97,91979.65
2024-11-26T13:36:19.585,91973.8,91973.9,91969.97,91979.72
2024-11-26T13:36:19.604,91973.8,91973.9,91969.97,91979.67
2024-11-26T13:36:19.624,91973.8,91973.9,91969.97,91979.58
2024-11-26T13:36:19.644,91973.8,91973.9,91969.95,91979.555
2024-11-26T13:36:19.664,91973.8,91973.9,91969.91,91979.71
2024-11-26T13:36:19.685,91973.8,91973.9,91969.91,91979.72
2024-11-26T13:36:19.704,91973.8,91973.9,91969.91,91981.26
2024-11-26T13:36:19.724,91973.8,91973.9,91969.91,91979.336
2024-11-26T13:36:19.744,91973.8,91973.9,91969.91,91979.4
2024-11-26T13:36:19.804,91973.8,91973.9,91969.91,91981.25
2024-11-26T13:36:19.824,91973.8,91973.9,91969.914,91979.47
2024-11-26T13:36:19.845,91973.8,91973.9,91969.914,91979.87
2024-11-26T13:36:19.864,91973.8,91973.9,91969.83,91979.86
2024-11-26T13:36:19.884,91973.8,91973.9,91969.83,91979.875
2024-11-26T13:36:19.984,91973.8,91973.9,91969.83,91979.875
2024-11-26T13:36:20.024,91973.8,91973.9,91968.54,91979.76
2024-11-26T13:36:20.044,91973.8,91973.9,91967.83,91981.32
2024-11-26T13:36:20.064,91972.9,91973.0,91966.15,91979.98
2024-11-26T13:36:20.084,91972.9,91973.0,91966.02,91974.64
2024-11-26T13:36:20.104,91972.9,91973.0,91966.16,91976.19
2024-11-26T13:36:20.124,91972.9,91973.0,91966.18,91976.11
2024-11-26T13:36:20.144,91972.9,91973.0,91966.18,91977.375
2024-11-26T13:36:20.164,91972.9,91973.0,91966.18,91976.04
2024-11-26T13:36:20.184,91972.9,91973.0,91966.18,91976.03
2024-11-26T13:36:20.204,91972.9,91973.0,91966.18,91976.04
2024-11-26T13:36:20.224,91972.9,91973.0,91965.8,91976.04
2024-11-26T13:36:20.244,91972.9,91973.0,91965.8,91976.05
2024-11-26T13:36:20.344,91972.9,91973.0,91965.805,91976.05
2024-11-26T13:36:20.384,91972.9,91973.0,91965.805,91976.03
2024-11-26T13:36:20.404,91972.9,91973.0,91966.195,91976.03
2024-11-26T13:36:20.424,91972.9,91973.0,91965.805,91976.03
2024-11-26T13:36:20.444,91972.9,91973.0,91965.805,91976.02
2024-11-26T13:36:20.484,91971.4,91971.5,91965.734,91974.03
2024-11-26T13:36:20.504,91971.4,91971.5,91964.805,91974.266
2024-11-26T13:36:20.524,91971.4,91971.5,91964.805,91974.125
2024-11-26T13:36:20.544,91971.4,91971.5,91964.805,91973.76
2024-11-26T13:36:20.564,91971.4,91971.5,91964.81,91973.76
2024-11-26T13:36:20.584,91971.4,91971.5,91965.695,91973.695
2024-11-26T13:36:20.624,91971.4,91971.5,91964.81,91973.695
2024-11-26T13:36:20.644,91971.3,91971.4,91964.15,91972.67
2024-11-26T13:36:20.664,91971.3,91971.4,91966.16,91972.87
2024-11-26T13:36:20.684,91971.3,91971.4,91966.16,91972.875
2024-11-26T13:36:20.704,91971.3,91971.4,91966.016,91972.875
2024-11-26T13:36:20.724,91971.3,91971.4,91966.016,91972.87
2024-11-26T13:36:20.764,91971.3,91971.4,91966.016,91972.88
2024-11-26T13:36:20.784,91971.3,91971.4,91964.94,91973.266
2024-11-26T13:36:20.804,91971.3,91971.4,91964.94,91973.266
2024-11-26T13:36:20.824,91971.3,91971.4,91964.875,91973.266
2024-11-26T13:36:20.844,91971.3,91971.4,91964.875,91973.26
2024-11-26T13:36:20.884,91970.5,91970.6,91961.36,91972.97
2024-11-26T13:36:20.904,91966.0,91966.1,91959.46,91969.19
2024-11-26T13:36:20.924,91966.0,91966.1,91958.97,91969.664
2024-11-26T13:36:20.944,91966.0,91966.1,91958.78,91970.34
2024-11-26T13:36:20.964,91961.5,91962.1,91957.34,91966.39
2024-11-26T13:36:20.985,91956.5,91957.7,91949.79,91961.33
2024-11-26T13:36:21.004,91950.1,91951.0,91946.195,91955.445
2024-11-26T13:36:21.024,91950.9,91951.0,91946.96,91963.625
2024-11-26T13:36:21.044,91950.9,91951.0,91947.42,91965.84
2024-11-26T13:36:21.064,91950.9,91951.0,91947.33,91966.18
2024-11-26T13:36:21.084,91950.9,91951.0,91946.3,91962.914
2024-11-26T13:36:21.104,91950.9,91951.0,91945.61,91959.74
2024-11-26T13:36:21.124,91950.9,91951.0,91945.62,91960.086
2024-11-26T13:36:21.144,91950.9,91951.0,91945.93,91961.63
2024-11-26T13:36:21.164,91950.9,91951.0,91946.445,91959.195
2024-11-26T13:36:21.184,91950.3,91950.4,91946.54,91959.35
2024-11-26T13:36:21.204,91950.3,91950.4,91946.555,91958.664
2024-11-26T13:36:21.224,91950.3,91950.4,91946.12,91961.35
2024-11-26T13:36:21.244,91950.3,91950.4,91946.53,91963.125
2024-11-26T13:36:21.264,91950.3,91950.4,91946.67,91962.86
2024-11-26T13:36:21.284,91950.9,91951.0,91947.38,91966.64
2024-11-26T13:36:21.304,91951.9,91952.0,91947.875,91965.87
2024-11-26T13:36:21.324,91951.9,91952.0,91948.03,91966.43
2024-11-26T13:36:21.344,91953.1,91953.2,91949.445,91967.11
2024-11-26T13:36:21.364,91953.1,91953.2,91949.52,91964.36
2024-11-26T13:36:21.384,91953.1,91953.2,91949.2,91964.7
2024-11-26T13:36:21.404,91953.1,91953.2,91949.195,91964.39
2024-11-26T13:36:21.424,91953.1,91953.2,91949.336,91964.52
2024-11-26T13:36:21.444,91955.9,91956.0,91950.58,91966.414
2024-11-26T13:36:21.464,91956.5,91956.6,91952.04,91966.89
2024-11-26T13:36:21.484,91956.5,91956.6,91950.93,91967.57
2024-11-26T13:36:21.504,91956.5,91956.6,91950.48,91967.42
2024-11-26T13:36:21.524,91956.6,91956.7,91950.875,91966.75
2024-11-26T13:36:21.544,91956.8,91956.9,91951.65,91967.695
2024-11-26T13:36:21.564,91959.9,91960.0,91955.16,91971.46
2024-11-26T13:36:21.584,91961.3,91961.4,91956.51,91972.3
2024-11-26T13:36:21.604,91963.0,91963.1,91956.09,91972.2
2024-11-26T13:36:21.624,91963.9,91964.0,91957.19,91972.09
2024-11-26T13:36:21.644,91966.2,91966.3,91958.39,91972.08
2024-11-26T13:36:21.664,91966.2,91966.3,91957.19,91972.34
2024-11-26T13:36:21.684,91966.2,91966.3,91956.336,91970.8
2024-11-26T13:36:21.704,91966.2,91966.3,91954.234,91970.67
2024-11-26T13:36:21.724,91966.2,91966.3,91953.5,91970.67
2024-11-26T13:36:21.744,91966.2,91966.3,91953.52,91970.49
2024-11-26T13:36:21.764,91966.2,91966.3,91954.37,91970.66
2024-11-26T13:36:21.784,91966.2,91966.3,91954.64,91970.66
2024-11-26T13:36:21.804,91964.7,91964.8,91954.336,91969.05
2024-11-26T13:36:21.824,91964.7,91964.8,91954.23,91970.54
2024-11-26T13:36:21.844,91964.7,91964.8,91954.37,91970.72
2024-11-26T13:36:21.864,91964.7,91964.8,91954.3,91970.625
2024-11-26T13:36:21.884,91964.7,91964.8,91952.766,91970.61
2024-11-26T13:36:21.904,91964.7,91964.8,91952.05,91970.22
2024-11-26T13:36:21.924,91964.7,91964.8,91952.266,91970.12
2024-11-26T13:36:21.944,91964.7,91964.8,91952.266,91970.12
2024-11-26T13:36:21.964,91960.8,91960.9,91950.44,91967.66
2024-11-26T13:36:21.984,91960.8,91960.9,91950.29,91968.65
2024-11-26T13:36:22.004,91960.8,91960.9,91949.44,91969.08
2024-11-26T13:36:22.024,91960.8,91960.9,91949.32,91968.66
2024-11-26T13:36:22.044,91960.8,91960.9,91949.28,91968.65
2024-11-26T13:36:22.064,91950.0,91950.3,91945.34,91958.0
2024-11-26T13:36:22.084,91950.0,91950.1,91944.84,91953.086
2024-11-26T13:36:22.104,91950.0,91950.1,91942.914,91954.9
2024-11-26T13:36:22.124,91950.0,91950.1,91944.09,91958.79
2024-11-26T13:36:22.144,91950.0,91950.1,91944.66,91959.18
2024-11-26T13:36:22.164,91953.0,91953.1,91946.18,91964.055
2024-11-26T13:36:22.184,91953.0,91953.1,91949.516,91964.03
2024-11-26T13:36:22.204,91953.0,91953.1,91949.62,91961.75
2024-11-26T13:36:22.224,91953.9,91954.0,91948.43,91962.41
2024-11-26T13:36:22.244,91953.9,91954.0,91948.43,91963.04
2024-11-26T13:36:22.264,91956.5,91956.6,91950.11,91964.734
2024-11-26T13:36:22.284,91956.7,91956.8,91951.88,91971.15
2024-11-26T13:36:22.304,91959.9,91964.0,91952.375,91971.49
2024-11-26T13:36:22.324,91963.9,91964.0,91957.31,91969.96
2024-11-26T13:36:22.344,91963.9,91964.0,91954.875,91969.98
2024-11-26T13:36:22.365,91963.9,91964.0,91953.43,91969.68
2024-11-26T13:36:22.384,91963.9,91964.0,91954.96,91971.86
2024-11-26T13:36:22.404,91963.9,91964.0,91955.08,91972.89
2024-11-26T13:36:22.424,91964.7,91964.8,91956.03,91973.94
2024-11-26T13:36:22.444,91966.2,91966.3,91956.62,91973.71
2024-11-26T13:36:22.464,91966.2,91966.3,91957.375,91975.17
2024-11-26T13:36:22.484,91967.9,91968.0,91960.1,91975.266
2024-11-26T13:36:22.504,91968.3,91968.4,91960.83,91974.74
2024-11-26T13:36:22.524,91968.3,91968.4,91960.01,91974.125
2024-11-26T13:36:22.544,91968.3,91968.4,91959.51,91974.02
2024-11-26T13:36:22.564,91968.3,91968.4,91959.77,91974.27
2024-11-26T13:36:22.584,91968.3,91968.4,91959.62,91974.25
2024-11-26T13:36:22.604,91968.3,91968.4,91959.29,91973.96
2024-11-26T13:36:22.624,91968.3,91968.4,91959.23,91974.26
2024-11-26T13:36:22.644,91968.3,91968.4,91959.25,91974.56
2024-11-26T13:36:22.664,91968.3,91968.4,91959.17,91974.04
2024-11-26T13:36:22.684,91968.3,91968.4,91959.49,91974.195
2024-11-26T13:36:22.724,91968.3,91968.4,91958.766,91973.96
2024-11-26T13:36:22.745,91968.3,91968.4,91958.26,91975.24
2024-11-26T13:36:22.764,91968.3,91968.4,91955.1,91974.63
2024-11-26T13:36:22.784,91968.3,91968.4,91954.055,91974.72
2024-11-26T13:36:22.804,91968.3,91968.4,91953.88,91974.586
2024-11-26T13:36:22.824,91968.3,91968.4,91953.836,91974.7
2024-11-26T13:36:22.844,91966.8,91966.9,91953.8,91972.8
2024-11-26T13:36:22.864,91966.1,91966.2,91952.32,91973.67
2024-11-26T13:36:22.884,91966.1,91966.2,91952.234,91973.55
2024-11-26T13:36:22.904,91966.1,91966.2,91952.07,91974.11
2024-11-26T13:36:22.924,91966.1,91966.2,91952.234,91973.19
2024-11-26T13:36:22.944,91966.1,91966.2,91952.234,91971.35
2024-11-26T13:36:22.964,91966.1,91966.2,91952.234,91971.38
2024-11-26T13:36:22.984,91966.1,91966.2,91952.234,91971.375
2024-11-26T13:36:23.004,91966.1,91966.2,91952.22,91971.375
2024-11-26T13:36:23.024,91966.1,91966.2,91952.21,91971.42
2024-11-26T13:36:23.044,91966.1,91966.2,91952.21,91971.445
2024-11-26T13:36:23.064,91965.1,91965.2,91951.02,91971.24
2024-11-26T13:36:23.084,91960.0,91960.1,91951.164,91965.92
2024-11-26T13:36:23.104,91960.0,91960.1,91951.18,91967.555
2024-11-26T13:36:23.124,91960.0,91960.1,91951.42,91967.984
2024-11-26T13:36:23.144,91959.6,91959.7,91951.36,91966.234
2024-11-26T13:36:23.164,91958.4,91958.5,91951.08,91965.8
2024-11-26T13:36:23.184,91958.4,91958.5,91951.016,91967.21
2024-11-26T13:36:23.204,91958.4,91958.5,91950.98,91966.945
2024-11-26T13:36:23.224,91958.4,91958.5,91950.97,91966.805
2024-11-26T13:36:23.244,91958.4,91958.5,91950.95,91967.766
2024-11-26T13:36:23.264,91958.4,91958.5,91950.875,91967.96
2024-11-26T13:36:23.284,91958.4,91958.5,91950.92,91967.96
2024-11-26T13:36:23.324,91958.4,91958.5,91950.96,91967.98
2024-11-26T13:36:23.344,91958.4,91958.5,91951.01,91968.37
2024-11-26T13:36:23.364,91958.4,91958.5,91950.99,91967.96
2024-11-26T13:36:23.384,91958.4,91958.5,91951.0,91968.28
2024-11-26T13:36:23.404,91958.4,91958.5,91951.0,91967.9
2024-11-26T13:36:23.424,91958.4,91958.5,91951.0,91967.9
2024-11-26T13:36:23.444,91958.4,91958.5,91951.016,91967.82
2024-11-26T13:36:23.464,91958.4,91958.5,91950.984,91968.2
2024-11-26T13:36:23.484,91958.4,91958.5,91950.984,91968.28
2024-11-26T13:36:23.504,91958.4,91958.5,91951.0,91968.28
2024-11-26T13:36:23.524,91958.4,91958.5,91951.0,91968.164
2024-11-26T13:36:23.544,91958.4,91958.5,91950.86,91968.336
2024-11-26T13:36:23.564,91958.4,91958.5,91950.64,91968.89
2024-11-26T13:36:23.584,91958.4,91958.5,91953.37,91971.68
2024-11-26T13:36:23.604,91958.4,91958.5,91953.2,91972.56
2024-11-26T13:36:23.624,91958.4,91958.5,91953.26,91972.72
2024-11-26T13:36:23.644,91958.4,91958.5,91953.44,91972.07
2024-11-26T13:36:23.664,91958.4,91958.5,91953.445,91972.02
2024-11-26T13:36:23.684,91958.4,91958.5,91953.42,91972.02
2024-11-26T13:36:23.704,91958.4,91958.5,91953.37,91971.87
2024-11-26T13:36:23.724,91958.4,91958.5,91953.34,91971.82
2024-11-26T13:36:23.744,91958.4,91958.5,91953.016,91971.77
2024-11-26T13:36:23.764,91958.4,91958.5,91952.77,91969.53
2024-11-26T13:36:23.784,91958.4,91958.5,91952.66,91969.69
2024-11-26T13:36:23.804,91958.4,91958.5,91952.63,91969.69
2024-11-26T13:36:23.824,91958.4,91958.5,91952.36,91969.39
2024-11-26T13:36:23.844,91958.4,91958.5,91952.32,91969.664
2024-11-26T13:36:23.864,91958.4,91958.5,91951.48,91969.805
2024-11-26T13:36:23.884,91958.4,91958.5,91951.48,91969.22
2024-11-26T13:36:23.904,91958.4,91958.5,91951.48,91969.21
2024-11-26T13:36:23.924,91958.4,91958.5,91951.48,91969.2
2024-11-26T13:36:23.944,91958.4,91958.5,91951.484,91969.11
2024-11-26T13:36:23.964,91958.3,91958.4,91951.18,91966.62
2024-11-26T13:36:23.984,91958.2,91958.3,91950.8,91964.28
2024-11-26T13:36:24.004,91958.2,91958.3,91950.85,91965.53
2024-11-26T13:36:24.024,91958.2,91958.3,91950.94,91965.55
2024-11-26T13:36:24.044,91958.2,91958.3,91949.016,91965.34
2024-11-26T13:36:24.064,91956.6,91956.7,91946.664,91959.01
2024-11-26T13:36:24.084,91956.6,91956.7,91947.43,91961.56
2024-11-26T13:36:24.104,91956.6,91956.7,91947.72,91961.75
2024-11-26T13:36:24.124,91956.6,91956.7,91947.805,91962.44
2024-11-26T13:36:24.144,91956.6,91956.7,91947.805,91961.695
2024-11-26T13:36:24.164,91955.9,91956.0,91947.78,91960.47
2024-11-26T13:36:24.184,91955.9,91956.0,91947.78,91962.05
2024-11-26T13:36:24.204,91955.9,91956.0,91947.78,91962.36
2024-11-26T13:36:24.224,91950.1,91950.2,91946.86,91956.086
2024-11-26T13:36:24.244,91950.0,91950.1,91945.19,91958.51
2024-11-26T13:36:24.264,91950.0,91950.1,91945.16,91959.51
2024-11-26T13:36:24.284,91950.0,91950.1,91945.16,91959.375
2024-11-26T13:36:24.304,91950.0,91950.1,91945.16,91957.39
2024-11-26T13:36:24.324,91950.0,91950.1,91945.16,91958.77
2024-11-26T13:36:24.344,91950.0,91950.1,91945.16,91959.08
2024-11-26T13:36:24.364,91950.0,91950.1,91945.16,91959.25
2024-11-26T13:36:24.384,91950.0,91950.1,91945.02,91959.3
2024-11-26T13:36:24.404,91950.0,91950.1,91944.86,91959.31
2024-11-26T13:36:24.424,91950.0,91950.1,91944.86,91959.38
2024-11-26T13:36:24.445,91950.0,91950.1,91944.86,91959.41
2024-11-26T13:36:24.464,91950.0,91950.1,91944.87,91959.45
2024-11-26T13:36:24.484,91950.0,91950.1,91944.88,91959.44
2024-11-26T13:36:24.504,91950.0,91950.1,91944.65,91959.44
2024-11-26T13:36:24.524,91950.0,91950.1,91944.664,91959.63
2024-11-26T13:36:24.544,91950.0,91950.1,91945.04,91959.05
2024-11-26T13:36:24.564,91950.0,91950.1,91945.04,91958.97
2024-11-26T13:36:24.584,91950.0,91950.1,91945.05,91959.62
2024-11-26T13:36:24.604,91950.0,91950.1,91945.05,91958.695
2024-11-26T13:36:24.625,91950.0,91950.1,91945.15,91958.7
2024-11-26T13:36:24.644,91950.0,91950.1,91945.0,91958.29
2024-11-26T13:36:24.664,91950.0,91950.1,91944.875,91957.664
2024-11-26T13:36:24.685,91950.0,91950.1,91944.85,91957.664
2024-11-26T13:36:24.704,91950.0,91950.1,91944.664,91958.625
2024-11-26T13:36:24.725,91950.0,91950.1,91944.64,91958.57
2024-11-26T13:36:24.745,91950.0,91950.1,91944.63,91958.664
2024-11-26T13:36:24.764,91950.0,91950.1,91944.63,91959.22
2024-11-26T13:36:24.784,91950.0,91950.1,91944.63,91959.26
2024-11-26T13:36:24.804,91950.0,91950.1,91944.836,91959.29
2024-11-26T13:36:24.864,91950.0,91950.1,91944.836,91959.21
2024-11-26T13:36:24.904,91950.0,91950.1,91944.63,91959.21
2024-11-26T13:36:24.965,91950.0,91950.1,91944.63,91959.29
2024-11-26T13:36:24.984,91950.0,91950.1,91944.67,91959.586
2024-11-26T13:36:25.004,91950.0,91950.1,91944.734,91959.74
2024-11-26T13:36:25.025,91950.0,91950.1,91944.9,91959.984
2024-11-26T13:36:25.044,91950.0,91950.1,91945.8,91959.984
2024-11-26T13:36:25.064,91948.6,91948.7,91940.66,91955.734
2024-11-26T13:36:25.084,91948.4,91948.5,91938.52,91952.69
2024-11-26T13:36:25.104,91948.4,91948.5,91942.67,91959.484
2024-11-26T13:36:25.124,91948.4,91948.5,91940.85,91957.09
2024-11-26T13:36:25.144,91948.4,91948.5,91939.67,91954.43
2024-11-26T13:36:25.164,91948.4,91948.5,91942.47,91956.1
2024-11-26T13:36:25.184,91948.4,91948.5,91944.766,91958.05
2024-11-26T13:36:25.204,91948.4,91948.5,91944.36,91956.8
2024-11-26T13:36:25.224,91948.4,91948.5,91944.41,91959.98
2024-11-26T13:36:25.244,91948.4,91948.5,91944.46,91961.44
2024-11-26T13:36:25.264,91948.4,91948.5,91943.85,91962.17
2024-11-26T13:36:25.284,91948.4,91948.5,91943.63,91961.44
2024-11-26T13:36:25.304,91948.4,91948.5,91943.63,91961.44
2024-11-26T13:36:25.324,91948.4,91948.5,91943.65,91961.44
2024-11-26T13:36:25.344,91948.4,91948.5,91943.65,91961.945
2024-11-26T13:36:25.364,91948.4,91948.5,91943.65,91962.13
2024-11-26T13:36:25.384,91948.4,91948.5,91943.64,91962.15
2024-11-26T13:36:25.424,91948.4,91948.5,91943.64,91962.12
2024-11-26T13:36:25.444,91948.4,91948.5,91943.734,91959.0
2024-11-26T13:36:25.464,91948.4,91948.5,91943.62,91954.89
2024-11-26T13:36:25.484,91948.4,91948.5,91943.91,91956.13
2024-11-26T13:36:25.504,91948.4,91948.5,91944.02,91953.945
2024-11-26T13:36:25.525,91948.4,91948.5,91943.83,91957.29
2024-11-26T13:36:25.544,91948.4,91948.5,91944.44,91957.836
2024-11-26T13:36:25.565,91948.4,91948.5,91944.43,91956.375
2024-11-26T13:36:25.584,91948.4,91948.5,91944.43,91954.19
2024-11-26T13:36:25.604,91948.4,91948.5,91944.51,91954.74
2024-11-26T13:36:25.624,91948.4,91948.5,91944.5,91955.64
2024-11-26T13:36:25.644,91948.4,91948.5,91944.51,91957.52
2024-11-26T13:36:25.664,91948.4,91948.5,91944.51,91958.234
2024-11-26T13:36:25.684,91948.4,91948.5,91944.51,91957.97
2024-11-26T13:36:25.704,91948.4,91948.5,91944.82,91957.664
2024-11-26T13:36:25.725,91948.4,91948.5,91944.67,91957.5
2024-11-26T13:36:25.744,91948.4,91948.5,91944.57,91957.35
2024-11-26T13:36:25.764,91948.4,91948.5,91944.555,91960.19
2024-11-26T13:36:25.785,91948.4,91948.5,91944.56,91959.99
2024-11-26T13:36:25.804,91948.4,91948.5,91944.56,91959.99
2024-11-26T13:36:25.825,91948.4,91948.5,91944.56,91959.914
2024-11-26T13:36:25.844,91948.4,91948.5,91944.59,91959.78
2024-11-26T13:36:25.865,91948.4,91948.5,91944.63,91960.26
2024-11-26T13:36:25.884,91948.4,91948.5,91944.63,91958.2
2024-11-26T13:36:25.904,91948.4,91948.5,91944.586,91958.2
2024-11-26T13:36:25.944,91948.4,91948.5,91944.586,91957.836
2024-11-26T13:36:25.964,91948.4,91948.5,91944.586,91958.2
2024-11-26T13:36:26.004,91948.4,91948.5,91944.586,91960.34
2024-11-26T13:36:26.025,91948.4,91948.5,91944.57,91960.34
2024-11-26T13:36:26.084,91948.4,91948.5,91944.62,91958.21
2024-11-26T13:36:26.125,91948.4,91948.5,91944.45,91958.21
2024-11-26T13:36:26.144,91948.4,91948.5,91944.4,91957.516
2024-11-26T13:36:26.184,91948.4,91948.5,91944.4,91958.2
2024-11-26T13:36:26.204,91948.4,91948.5,91944.4,91958.2
2024-11-26T13:36:26.224,91948.4,91948.5,91944.4,91958.195
2024-11-26T13:36:26.245,91948.4,91948.5,91944.41,91960.35
2024-11-26T13:36:26.264,91948.3,91948.4,91942.5,91954.89
2024-11-26T13:36:26.284,91948.3,91948.4,91942.32,91952.89
2024-11-26T13:36:26.304,91948.3,91948.4,91942.266,91952.89
2024-11-26T13:36:26.324,91948.3,91948.4,91942.26,91952.89
2024-11-26T13:36:26.344,91948.3,91948.4,91942.26,91953.15
2024-11-26T13:36:26.364,91948.3,91948.4,91942.28,91953.18
2024-11-26T13:36:26.384,91948.3,91948.4,91942.32,91953.18
2024-11-26T13:36:26.404,91948.3,91948.4,91942.38,91953.2
2024-11-26T13:36:26.424,91948.3,91948.4,91942.375,91953.2
2024-11-26T13:36:26.444,91948.3,91948.4,91942.37,91953.164
2024-11-26T13:36:26.504,91948.3,91948.4,91942.375,91953.23
2024-11-26T13:36:26.524,91948.3,91948.4,91943.234,91954.01
2024-11-26T13:36:26.544,91948.3,91948.4,91943.234,91954.01
2024-11-26T13:36:26.564,91948.3,91948.4,91943.125,91953.0
2024-11-26T13:36:26.584,91948.3,91948.4,91943.125,91953.0
2024-11-26T13:36:26.624,91948.3,91948.4,91943.12,91953.0
2024-11-26T13:36:26.644,91948.3,91948.4,91943.73,91953.016
2024-11-26T13:36:26.664,91948.3,91948.4,91943.836,91953.016
2024-11-26T13:36:26.684,91948.3,91948.4,91943.836,91953.016
2024-11-26T13:36:26.704,91948.3,91948.4,91943.836,91952.875
2024-11-26T13:36:26.724,91948.3,91948.4,91943.97,91952.875
2024-11-26T13:36:26.744,91948.3,91948.4,91943.97,91952.875
2024-11-26T13:36:26.764,91948.3,91948.4,91943.97,91952.875
2024-11-26T13:36:26.784,91948.3,91948.4,91943.8,91954.03
2024-11-26T13:36:26.804,91948.3,91948.4,91943.78,91953.85
2024-11-26T13:36:26.824,91948.3,91948.4,91940.836,91954.12
2024-11-26T13:36:26.844,91948.3,91948.4,91939.65,91954.08
2024-11-26T13:36:26.864,91948.3,91948.4,91939.49,91953.76
2024-11-26T13:36:26.884,91948.3,91948.4,91939.69,91953.8
2024-11-26T13:36:26.904,91948.3,91948.4,91939.71,91954.06
2024-11-26T13:36:26.924,91948.3,91948.4,91938.48,91954.44
2024-11-26T13:36:26.944,91946.7,91946.8,91936.89,91949.42
2024-11-26T13:36:26.964,91944.5,91944.8,91936.54,91948.25
2024-11-26T13:36:26.984,91944.4,91944.5,91936.33,91949.84
2024-11-26T13:36:27.009,91944.4,91944.5,91936.33,91949.89
2024-11-26T13:36:27.024,91935.0,91940.2,91930.74,91944.31
2024-11-26T13:36:27.044,91933.0,91933.1,91930.45,91936.875
2024-11-26T13:36:27.064,91932.9,91933.0,91927.89,91941.04
2024-11-26T13:36:27.084,91932.9,91933.0,91929.01,91943.695
2024-11-26T13:36:27.104,91932.9,91933.0,91929.2,91943.86
2024-11-26T13:36:27.124,91932.9,91933.0,91929.21,91944.81
2024-11-26T13:36:27.144,91932.9,91933.0,91928.5,91944.1
2024-11-26T13:36:27.165,91932.9,91933.0,91928.57,91944.586
2024-11-26T13:36:27.184,91932.9,91933.0,91929.13,91944.6
2024-11-26T13:36:27.204,91932.9,91933.0,91928.95,91945.25
2024-11-26T13:36:27.224,91932.9,91933.0,91928.31,91945.22
2024-11-26T13:36:27.244,91932.9,91933.0,91927.76,91944.414
2024-11-26T13:36:27.264,91932.9,91933.0,91927.68,91944.305
2024-11-26T13:36:27.284,91932.9,91933.0,91928.32,91944.305
2024-11-26T13:36:27.304,91932.9,91933.0,91928.5,91944.23
2024-11-26T13:36:27.324,91932.9,91933.0,91928.5,91944.25
2024-11-26T13:36:27.344,91932.9,91933.0,91928.016,91943.87
2024-11-26T13:36:27.364,91932.9,91933.0,91928.4,91943.44
2024-11-26T13:36:27.384,91932.9,91933.0,91929.2,91946.02
2024-11-26T13:36:27.404,91932.9,91933.0,91928.625,91947.12
2024-11-26T13:36:27.424,91932.9,91933.0,91929.49,91947.21
2024-11-26T13:36:27.444,91932.9,91933.0,91928.88,91947.164
2024-11-26T13:36:27.464,91932.9,91933.0,91928.914,91949.4
2024-11-26T13:36:27.484,91932.9,91933.0,91928.95,91949.8
2024-11-26T13:36:27.504,91932.9,91933.0,91928.98,91949.81
2024-11-26T13:36:27.524,91932.9,91933.0,91928.96,91949.82
2024-11-26T13:36:27.544,91932.9,91933.0,91928.98,91945.81
2024-11-26T13:36:27.565,91932.9,91933.0,91928.97,91946.24
2024-11-26T13:36:27.584,91932.9,91933.0,91928.98,91946.19
2024-11-26T13:36:27.604,91932.9,91933.0,91928.98,91945.17
2024-11-26T13:36:27.624,91932.9,91933.0,91928.98,91944.95
2024-11-26T13:36:27.645,91932.9,91933.0,91929.03,91945.18
2024-11-26T13:36:27.664,91932.9,91933.0,91928.93,91943.33
2024-11-26T13:36:27.684,91932.9,91933.0,91928.76,91943.72
2024-11-26T13:36:27.705,91932.9,91933.0,91928.76,91943.78
2024-11-26T13:36:27.724,91932.9,91933.0,91928.77,91943.88
2024-11-26T13:36:27.744,91932.9,91933.0,91928.76,91943.87
2024-11-26T13:36:27.764,91932.9,91933.0,91928.6,91943.37
2024-11-26T13:36:27.784,91932.9,91933.0,91928.3,91943.32
2024-11-26T13:36:27.805,91932.9,91933.0,91928.3,91943.266
2024-11-26T13:36:27.825,91932.9,91933.0,91928.32,91943.516
2024-11-26T13:36:27.844,91932.9,91933.0,91929.01,91943.6
2024-11-26T13:36:27.864,91932.9,91933.0,91929.01,91943.07
2024-11-26T13:36:27.884,91932.9,91933.0,91929.01,91943.3
2024-11-26T13:36:27.904,91932.9,91933.0,91929.61,91942.586
2024-11-26T13:36:27.924,91932.9,91933.0,91929.305,91942.49
2024-11-26T13:36:27.944,91932.9,91933.0,91929.2,91942.53
2024-11-26T13:36:27.964,91932.9,91933.0,91929.01,91943.76
2024-11-26T13:36:27.984,91932.9,91933.0,91928.8,91941.125
2024-11-26T13:36:28.004,91932.9,91933.0,91928.2,91940.42
2024-11-26T13:36:28.024,91932.9,91933.0,91928.96,91941.33
2024-11-26T13:36:28.044,91932.9,91933.0,91929.164,91942.2
2024-11-26T13:36:28.064,91932.9,91933.0,91929.37,91941.1
2024-11-26T13:36:28.085,91932.9,91933.0,91929.21,91942.33
2024-11-26T13:36:28.104,91932.9,91933.0,91929.27,91943.62
2024-11-26T13:36:28.124,91932.9,91933.0,91929.19,91943.65
2024-11-26T13:36:28.144,91932.9,91933.0,91929.195,91943.695
2024-11-26T13:36:28.164,91932.9,91933.0,91929.22,91943.72
2024-11-26T13:36:28.184,91932.9,91933.0,91929.23,91943.695
2024-11-26T13:36:28.204,91932.9,91933.0,91929.33,91943.695
2024-11-26T13:36:28.225,91932.9,91933.0,91929.28,91943.67
2024-11-26T13:36:28.244,91932.9,91933.0,91929.29,91943.67
2024-11-26T13:36:28.284,91932.9,91933.0,91929.29,91943.945
2024-11-26T13:36:28.304,91932.9,91933.0,91929.29,91944.125
2024-11-26T13:36:28.325,91932.9,91933.0,91929.18,91944.625
2024-11-26T13:36:28.345,91932.9,91933.0,91929.22,91944.69
2024-11-26T13:36:28.364,91932.9,91933.0,91929.336,91944.9
2024-11-26T13:36:28.384,91932.9,91933.0,91929.3,91944.9
2024-11-26T13:36:28.404,91932.9,91933.0,91929.86,91944.9
2024-11-26T13:36:28.425,91932.9,91933.0,91929.86,91944.9
2024-11-26T13:36:28.464,91932.9,91933.0,91929.86,91944.82
2024-11-26T13:36:28.484,91932.9,91933.0,91930.39,91944.82
2024-11-26T13:36:28.504,91932.9,91933.0,91930.38,91944.82
2024-11-26T13:36:28.544,91932.9,91933.0,91930.38,91944.234
2024-11-26T13:36:28.564,91932.9,91933.0,91929.86,91944.82
2024-11-26T13:36:28.584,91932.9,91933.0,91929.695,91949.48
2024-11-26T13:36:28.604,91937.0,91937.1,91933.78,91950.1
2024-11-26T13:36:28.624,91942.1,91942.2,91935.66,91950.47
2024-11-26T13:36:28.644,91942.8,91942.9,91936.37,91951.125
2024-11-26T13:36:28.664,91944.7,91944.8,91939.49,91951.74
2024-11-26T13:36:28.684,91945.6,91945.7,91940.39,91954.12
2024-11-26T13:36:28.704,91945.7,91945.8,91941.54,91954.266
2024-11-26T13:36:28.724,91945.7,91945.8,91940.59,91955.61
2024-11-26T13:36:28.744,91945.7,91945.8,91940.61,91955.73
2024-11-26T13:36:28.764,91947.3,91947.4,91941.43,91956.95
2024-11-26T13:36:28.784,91948.2,91948.3,91942.84,91956.57
2024-11-26T13:36:28.804,91948.2,91948.3,91942.23,91956.98
2024-11-26T13:36:28.824,91948.2,91948.3,91940.46,91957.21
2024-11-26T13:36:28.844,91948.2,91948.3,91939.73,91957.266
2024-11-26T13:36:28.864,91948.2,91948.3,91939.63,91957.28
2024-11-26T13:36:28.884,91948.2,91948.3,91939.83,91957.48
2024-11-26T13:36:28.904,91948.2,91948.3,91939.52,91957.69
2024-11-26T13:36:28.924,91948.2,91948.3,91939.164,91957.8
2024-11-26T13:36:28.944,91948.2,91948.3,91940.64,91957.055
2024-11-26T13:36:28.964,91948.2,91948.3,91940.54,91956.125
2024-11-26T13:36:28.984,91948.2,91948.3,91940.28,91955.14
2024-11-26T13:36:29.004,91948.2,91948.3,91939.91,91955.06
2024-11-26T13:36:29.024,91948.2,91948.3,91939.055,91955.12
2024-11-26T13:36:29.044,91948.1,91948.2,91935.336,91955.84
2024-11-26T13:36:29.064,91948.1,91948.2,91934.66,91952.53
2024-11-26T13:36:29.084,91948.1,91948.2,91934.305,91952.7
2024-11-26T13:36:29.104,91940.7,91942.6,91932.79,91951.65
2024-11-26T13:36:29.124,91940.7,91940.8,91933.17,91943.35
2024-11-26T13:36:29.144,91940.7,91940.8,91932.42,91943.83
2024-11-26T13:36:29.164,91940.7,91940.8,91934.01,91944.18
2024-11-26T13:36:29.184,91940.7,91940.8,91934.09,91945.734
2024-11-26T13:36:29.204,91940.7,91940.8,91934.09,91944.4
2024-11-26T13:36:29.224,91940.7,91940.8,91934.26,91944.4
2024-11-26T13:36:29.244,91940.7,91940.8,91934.26,91944.375
2024-11-26T13:36:29.265,91940.7,91940.8,91934.26,91944.375
2024-11-26T13:36:29.285,91940.7,91940.8,91934.46,91949.01
2024-11-26T13:36:29.304,91940.7,91940.8,91934.195,91950.79
2024-11-26T13:36:29.324,91943.9,91944.0,91934.22,91957.28
2024-11-26T13:36:29.344,91943.9,91944.0,91936.67,91955.766
2024-11-26T13:36:29.364,91943.9,91944.0,91936.36,91953.04
2024-11-26T13:36:29.384,91943.9,91944.0,91936.36,91956.26
2024-11-26T13:36:29.404,91943.9,91944.0,91936.23,91953.375
2024-11-26T13:36:29.424,91943.9,91944.0,91936.22,91952.23
2024-11-26T13:36:29.444,91943.9,91944.0,91936.24,91951.69
2024-11-26T13:36:29.464,91943.9,91944.0,91936.24,91954.164
2024-11-26T13:36:29.484,91943.9,91944.0,91936.24,91953.67
2024-11-26T13:36:29.504,91943.9,91944.0,91936.24,91952.48
2024-11-26T13:36:29.524,91943.9,91944.0,91935.33,91953.38
2024-11-26T13:36:29.544,91943.9,91944.0,91934.22,91954.45
2024-11-26T13:36:29.564,91943.9,91944.0,91934.19,91954.695
2024-11-26T13:36:29.584,91943.9,91944.0,91933.79,91955.2
2024-11-26T13:36:29.604,91943.9,91944.0,91934.086,91955.2
2024-11-26T13:36:29.624,91943.9,91944.0,91934.07,91953.734
2024-11-26T13:36:29.644,91943.9,91944.0,91934.05,91954.11
2024-11-26T13:36:29.665,91943.9,91944.0,91934.41,91952.73
2024-11-26T13:36:29.684,91943.9,91944.0,91933.95,91951.375
2024-11-26T13:36:29.704,91943.9,91944.0,91933.74,91951.445
2024-11-26T13:36:29.724,91943.9,91944.0,91934.33,91951.555
2024-11-26T13:36:29.744,91943.9,91944.0,91934.336,91951.9
2024-11-26T13:36:29.765,91943.9,91944.0,91934.336,91951.43
2024-11-26T13:36:29.784,91943.9,91944.0,91934.336,91951.27
2024-11-26T13:36:29.805,91943.9,91944.0,91934.336,91950.94
2024-11-26T13:36:29.824,91943.9,91944.0,91934.34,91951.25
2024-11-26T13:36:29.845,91943.9,91944.0,91934.35,91951.6
2024-11-26T13:36:29.865,91943.9,91944.0,91934.38,91951.64
2024-11-26T13:36:29.884,91943.9,91944.0,91934.414,91951.34
2024-11-26T13:36:29.904,91943.9,91944.0,91934.42,91951.32
2024-11-26T13:36:29.924,91943.9,91944.0,91934.38,91951.33
2024-11-26T13:36:29.944,91943.9,91944.0,91934.46,91951.56
2024-11-26T13:36:29.965,91943.9,91944.0,91934.39,91951.35
2024-11-26T13:36:29.985,91943.9,91944.0,91934.375,91951.305
2024-11-26T13:36:30.004,91943.9,91944.0,91934.34,91951.21
2024-11-26T13:36:30.024,91943.9,91944.0,91933.79,91951.21
2024-11-26T13:36:30.044,91943.9,91944.0,91933.8,91951.16
2024-11-26T13:36:30.064,91943.9,91944.0,91932.52,91951.15
2024-11-26T13:36:30.084,91943.9,91944.0,91932.52,91951.95
2024-11-26T13:36:30.124,91943.9,91944.0,91932.52,91951.96
2024-11-26T13:36:30.144,91943.9,91944.0,91932.52,91951.695
2024-11-26T13:36:30.164,91943.9,91944.0,91932.49,91951.664
2024-11-26T13:36:30.184,91943.9,91944.0,91932.48,91951.66
2024-11-26T13:36:30.204,91943.9,91944.0,91932.48,91951.734
2024-11-26T13:36:30.244,91943.9,91944.0,91932.48,91951.734
2024-11-26T13:36:30.264,91943.9,91944.0,91932.48,91950.875
2024-11-26T13:36:30.284,91943.9,91944.0,91932.48,91950.914
2024-11-26T13:36:30.304,91943.9,91944.0,91932.48,91950.914
2024-11-26T13:36:30.344,91943.9,91944.0,91933.49,91950.91
2024-11-26T13:36:30.364,91943.9,91944.0,91934.45,91951.14
2024-11-26T13:36:30.39,91943.9,91944.0,91935.07,91951.45
2024-11-26T13:36:30.404,91943.9,91944.0,91935.24,91951.53
2024-11-26T13:36:30.424,91943.9,91944.0,91935.414,91951.53
2024-11-26T13:36:30.445,91943.9,91944.0,91935.49,91951.54
2024-11-26T13:36:30.464,91943.9,91944.0,91935.375,91951.65
2024-11-26T13:36:30.485,91943.9,91944.0,91935.38,91951.72
2024-11-26T13:36:30.504,91943.9,91944.0,91935.32,91951.73
2024-11-26T13:36:30.524,91943.9,91944.0,91933.62,91950.414
2024-11-26T13:36:30.544,91943.9,91944.0,91935.86,91952.8
2024-11-26T13:36:30.564,91943.9,91944.8,91936.57,91953.02
2024-11-26T13:36:30.584,91947.2,91947.3,91939.49,91952.28
2024-11-26T13:36:30.604,91947.2,91947.3,91938.78,91951.06
2024-11-26T13:36:30.625,91947.2,91947.3,91937.555,91951.05
2024-11-26T13:36:30.644,91947.2,91947.3,91937.55,91951.38
2024-11-26T13:36:30.665,91947.2,91947.3,91938.04,91953.62
2024-11-26T13:36:30.684,91947.2,91947.3,91938.19,91954.484
2024-11-26T13:36:30.704,91947.2,91947.3,91938.87,91955.234
2024-11-26T13:36:30.724,91948.2,91948.3,91941.96,91956.41
2024-11-26T13:36:30.744,91948.2,91948.3,91941.47,91958.234
2024-11-26T13:36:30.764,91948.2,91948.3,91941.18,91957.82
2024-11-26T13:36:30.784,91950.9,91951.1,91945.42,91962.164
2024-11-26T13:36:30.804,91951.0,91951.1,91946.42,91962.15
2024-11-26T13:36:30.824,91955.9,91956.0,91948.62,91965.19
2024-11-26T13:36:30.844,91955.9,91956.0,91949.375,91965.47
2024-11-26T13:36:30.864,91955.9,91956.0,91949.08,91965.43
2024-11-26T13:36:30.884,91955.9,91956.0,91949.62,91967.27
2024-11-26T13:36:30.904,91955.9,91956.0,91949.53,91967.09
2024-11-26T13:36:30.924,91955.9,91956.0,91949.414,91967.1
2024-11-26T13:36:30.944,91955.9,91956.0,91949.43,91967.266
2024-11-26T13:36:30.964,91955.9,91956.0,91949.43,91967.31
2024-11-26T13:36:30.984,91959.6,91959.7,91951.14,91969.37
2024-11-26T13:36:31.004,91959.6,91959.7,91954.0,91969.664
2024-11-26T13:36:31.024,91959.6,91959.7,91953.63,91969.92
2024-11-26T13:36:31.044,91959.6,91959.7,91952.875,91969.664
2024-11-26T13:36:31.064,91959.6,91959.7,91952.88,91969.92
2024-11-26T13:36:31.084,91959.9,91960.0,91954.336,91969.43
2024-11-26T13:36:31.104,91960.8,91960.9,91954.766,91969.69
2024-11-26T13:36:31.124,91962.9,91963.0,91959.414,91970.06
2024-11-26T13:36:31.144,91964.2,91964.3,91960.68,91970.05
2024-11-26T13:36:31.164,91964.8,91964.9,91960.47,91970.29
2024-11-26T13:36:31.184,91966.0,91966.1,91960.734,91971.6
2024-11-26T13:36:31.204,91966.8,91968.4,91962.08,91972.49
2024-11-26T13:36:31.224,91968.3,91968.4,91964.195,91972.914
2024-11-26T13:36:31.244,91968.3,91968.4,91963.46,91973.21
2024-11-26T13:36:31.264,91968.3,91968.4,91963.53,91973.21
2024-11-26T13:36:31.284,91968.3,91968.4,91963.305,91972.82
2024-11-26T13:36:31.304,91968.3,91968.4,91963.164,91973.17
2024-11-26T13:36:31.324,91968.3,91968.4,91962.99,91972.8
2024-11-26T13:36:31.344,91968.3,91968.4,91962.99,91973.24
2024-11-26T13:36:31.364,91968.3,91968.4,91963.15,91973.164
2024-11-26T13:36:31.404,91968.3,91968.4,91963.17,91973.164
2024-11-26T13:36:31.424,91968.3,91968.4,91963.125,91973.14
2024-11-26T13:36:31.444,91968.3,91968.4,91963.11,91972.766
2024-11-26T13:36:31.464,91968.3,91968.4,91963.12,91972.766
2024-11-26T13:36:31.484,91968.3,91968.4,91963.18,91972.7
2024-11-26T13:36:31.504,91968.3,91968.4,91963.336,91972.375
2024-11-26T13:36:31.524,91968.3,91968.4,91963.21,91972.4
2024-11-26T13:36:31.544,91968.3,91968.4,91963.29,91972.4
2024-11-26T13:36:31.564,91968.3,91968.4,91963.29,91972.4
2024-11-26T13:36:31.584,91968.3,91968.4,91963.29,91972.38
2024-11-26T13:36:31.604,91968.3,91968.4,91963.195,91972.74
2024-11-26T13:36:31.624,91968.3,91968.4,91963.195,91972.76
2024-11-26T13:36:31.644,91968.3,91968.4,91963.19,91972.766
2024-11-26T13:36:31.664,91968.3,91968.4,91963.22,91972.74
2024-11-26T13:36:31.704,91968.3,91968.4,91963.65,91972.55
2024-11-26T13:36:31.724,91968.3,91968.4,91963.64,91972.555
2024-11-26T13:36:31.744,91968.3,91968.4,91963.66,91972.555
2024-11-26T13:36:31.764,91968.3,91968.4,91963.664,91972.56
2024-11-26T13:36:31.784,91968.3,91968.4,91963.695,91972.56
2024-11-26T13:36:31.804,91968.3,91968.4,91963.75,91972.87
2024-11-26T13:36:31.824,91968.3,91968.4,91963.75,91972.9
2024-11-26T13:36:31.844,91968.3,91968.4,91963.76,91972.87
2024-11-26T13:36:31.884,91968.3,91968.4,91963.76,91972.9
2024-11-26T13:36:31.904,91968.3,91968.4,91963.66,91972.86
2024-11-26T13:36:31.924,91968.3,91968.4,91963.586,91972.86
2024-11-26T13:36:31.964,91968.3,91968.4,91963.586,91972.9
2024-11-26T13:36:31.984,91968.3,91968.4,91963.586,91972.89
2024-11-26T13:36:32.004,91968.3,91968.4,91963.57,91973.34
2024-11-26T13:36:32.024,91968.3,91968.4,91963.625,91973.36
2024-11-26T13:36:32.044,91968.3,91968.4,91963.64,91973.43
2024-11-26T13:36:32.064,91969.5,91969.6,91964.3,91974.25
2024-11-26T13:36:32.084,91971.9,91972.0,91966.94,91974.02
2024-11-26T13:36:32.104,91971.9,91972.0,91965.766,91973.805
2024-11-26T13:36:32.124,91971.9,91972.0,91965.555,91974.42
2024-11-26T13:36:32.144,91971.9,91972.0,91965.48,91973.69
2024-11-26T13:36:32.164,91971.9,91972.0,91965.52,91973.61
2024-11-26T13:36:32.184,91971.9,91972.0,91965.484,91973.625
2024-11-26T13:36:32.204,91971.9,91972.0,91965.195,91973.58
2024-11-26T13:36:32.225,91971.9,91972.0,91964.99,91973.53
2024-11-26T13:36:32.244,91971.9,91972.0,91964.99,91973.54
2024-11-26T13:36:32.264,91971.9,91972.0,91964.84,91973.53
2024-11-26T13:36:32.284,91971.9,91972.0,91964.95,91973.484
2024-11-26T13:36:32.304,91971.9,91972.0,91965.03,91973.484
2024-11-26T13:36:32.324,91971.9,91972.0,91964.914,91974.09
2024-11-26T13:36:32.344,91979.9,91981.6,91972.66,91988.01
2024-11-26T13:36:32.364,91982.8,91982.9,91975.34,91988.34
2024-11-26T13:36:32.384,91983.3,91983.5,91975.836,91989.06
2024-11-26T13:36:32.404,91983.8,91983.9,91976.64,91989.48
2024-11-26T13:36:32.424,91983.8,91983.9,91976.555,91990.18
2024-11-26T13:36:32.444,91983.8,91983.9,91976.45,91990.22
2024-11-26T13:36:32.464,91983.8,91983.9,91976.29,91990.04
2024-11-26T13:36:32.484,91984.0,91984.1,91976.55,91990.61
2024-11-26T13:36:32.504,91986.2,91987.0,91979.86,91992.516
2024-11-26T13:36:32.524,91987.7,91987.8,91985.0,91998.82
2024-11-26T13:36:32.544,91987.8,91987.9,91984.484,91999.51
2024-11-26T13:36:32.564,91987.8,91987.9,91984.75,91999.55
2024-11-26T13:36:32.584,91987.8,91987.9,91983.98,92002.41
2024-11-26T13:36:32.604,91987.8,91987.9,91984.484,92002.72
2024-11-26T13:36:32.624,91988.8,91989.0,91985.73,92002.61
2024-11-26T13:36:32.644,91989.5,91989.6,91986.586,92002.625
2024-11-26T13:36:32.664,91989.5,91989.6,91986.57,92002.7
2024-11-26T13:36:32.684,91989.5,91989.6,91986.6,92002.5
2024-11-26T13:36:32.704,91989.5,91989.6,91986.53,92002.43
2024-11-26T13:36:32.724,91992.4,91992.5,91988.66,92002.53
2024-11-26T13:36:32.744,91992.4,91992.5,91989.2,92005.2
2024-11-26T13:36:32.764,91992.6,91992.7,91989.22,92008.64
2024-11-26T13:36:32.784,91992.9,91993.0,91989.3,92008.81
2024-11-26T13:36:32.805,91992.9,91993.0,91989.31,92008.164
2024-11-26T13:36:32.824,91992.9,91993.0,91989.305,92008.16
2024-11-26T13:36:32.844,91995.7,91995.8,91990.64,92008.164
2024-11-26T13:36:32.864,91995.7,91995.8,91990.54,92007.97
2024-11-26T13:36:32.884,91995.7,91995.8,91990.68,92008.32
2024-11-26T13:36:32.904,91995.7,91995.8,91990.69,92008.4
2024-11-26T13:36:32.924,91995.7,91995.8,91990.695,92008.28
2024-11-26T13:36:32.944,91995.7,91995.8,91991.63,92008.28
2024-11-26T13:36:32.984,91995.7,91995.8,91991.414,92008.336
2024-11-26T13:36:33.004,91995.7,91995.8,91991.49,92008.15
2024-11-26T13:36:33.024,91995.7,91995.8,91992.17,92008.49
2024-11-26T13:36:33.044,91995.7,91995.8,91992.14,92008.72
2024-11-26T13:36:33.064,91995.7,91995.8,91991.42,92003.87
2024-11-26T13:36:33.084,91995.7,91995.8,91988.94,92003.09
2024-11-26T13:36:33.104,91995.7,91995.8,91988.12,92001.88
2024-11-26T13:36:33.124,91995.7,91995.8,91988.04,92002.13
2024-11-26T13:36:33.144,91995.7,91995.8,91987.91,92002.195
2024-11-26T13:36:33.164,91995.7,91995.8,91987.82,92001.86
2024-11-26T13:36:33.184,91995.7,91995.8,91987.0,92001.76
2024-11-26T13:36:33.204,91995.7,91995.8,91987.0,92001.79
2024-11-26T13:36:33.224,91995.7,91995.8,91987.06,92002.22
2024-11-26T13:36:33.244,91995.7,91995.8,91987.09,92002.055
2024-11-26T13:36:33.264,91995.7,91995.8,91987.164,92002.22
2024-11-26T13:36:33.284,91995.7,91995.8,91987.85,92002.32
2024-11-26T13:36:33.305,91995.7,91995.8,91989.836,92002.21
2024-11-26T13:36:33.325,91995.7,91995.8,91989.88,92003.26
2024-11-26T13:36:33.344,91995.7,91995.8,91989.88,92002.055
2024-11-26T13:36:33.364,91995.7,91995.8,91989.88,92001.234
2024-11-26T13:36:33.384,91995.7,91995.8,91989.12,92000.695
2024-11-26T13:36:33.404,91995.7,91995.8,91987.15,92000.95
2024-11-26T13:36:33.424,91995.7,91995.8,91987.15,92000.95
2024-11-26T13:36:33.444,91995.7,91995.8,91987.84,92000.95
2024-11-26T13:36:33.464,91995.7,91995.8,91987.836,92000.94
2024-11-26T13:36:33.484,91995.7,91995.8,91987.8,92000.95
2024-11-26T13:36:33.504,91995.7,91995.8,91987.78,92000.95
2024-11-26T13:36:33.524,91995.7,91995.8,91987.766,92000.95
2024-11-26T13:36:33.544,91995.7,91995.8,91987.83,92000.97
2024-11-26T13:36:33.564,91995.7,91995.8,91987.836,92001.11
2024-11-26T13:36:33.584,91995.7,91995.8,91987.87,92001.16
2024-11-26T13:36:33.604,91995.7,91995.8,91987.85,92001.16
2024-11-26T13:36:33.624,91995.7,91995.8,91987.18,92001.34
2024-11-26T13:36:33.644,91995.6,91995.7,91986.586,91999.4
2024-11-26T13:36:33.664,91995.6,91995.7,91986.02,92000.21
2024-11-26T13:36:33.684,91992.6,91992.7,91985.41,91999.445
2024-11-26T13:36:33.704,91990.8,91992.0,91980.84,91995.93
2024-11-26T13:36:33.724,91984.7,91984.8,91977.375,91994.31
2024-11-26T13:36:33.744,91984.7,91984.8,91977.57,91992.36
2024-11-26T13:36:33.764,91984.7,91984.8,91972.06,91989.86
2024-11-26T13:36:33.784,91984.7,91984.8,91971.35,91990.01
2024-11-26T13:36:33.804,91984.7,91984.8,91972.16,91989.125
2024-11-26T13:36:33.824,91984.7,91984.8,91972.67,91988.555
2024-11-26T13:36:33.844,91984.7,91984.8,91972.56,91988.734
2024-11-26T13:36:33.864,91984.7,91984.8,91972.49,91989.414
2024-11-26T13:36:33.884,91984.7,91984.8,91973.1,91989.26
2024-11-26T13:36:33.904,91984.7,91984.8,91972.88,91990.04
2024-11-26T13:36:33.925,91984.7,91984.8,91973.01,91990.555
2024-11-26T13:36:33.944,91984.7,91984.8,91973.38,91990.57
2024-11-26T13:36:33.964,91984.7,91984.8,91973.7,91991.26
2024-11-26T13:36:33.984,91984.7,91984.8,91973.7,91991.016
2024-11-26T13:36:34.004,91984.7,91984.8,91973.98,91991.44
2024-11-26T13:36:34.024,91984.7,91984.8,91973.98,91991.445
2024-11-26T13:36:34.044,91984.7,91984.8,91974.04,91991.39
2024-11-26T13:36:34.065,91984.7,91984.8,91975.57,91991.37
2024-11-26T13:36:34.084,91984.7,91984.8,91975.57,91991.375
2024-11-26T13:36:34.105,91984.7,91984.8,91975.39,91991.48
2024-11-26T13:36:34.124,91984.7,91984.8,91975.57,91992.17
2024-11-26T13:36:34.144,91984.7,91984.8,91975.305,91992.17
2024-11-26T13:36:34.165,91984.7,91984.8,91975.42,91991.48
2024-11-26T13:36:34.184,91984.7,91984.8,91976.26,91992.18
2024-11-26T13:36:34.204,91984.7,91984.8,91975.08,91992.21
2024-11-26T13:36:34.224,91984.7,91984.8,91975.14,91991.47
2024-11-26T13:36:34.245,91984.7,91984.8,91975.05,91990.77
2024-11-26T13:36:34.264,91984.7,91984.8,91975.47,91991.65
2024-11-26T13:36:34.284,91984.7,91984.8,91975.73,91991.65
2024-11-26T13:36:34.304,91984.7,91984.8,91975.73,91991.914
2024-11-26T13:36:34.324,91984.7,91984.8,91975.05,91991.88
2024-11-26T13:36:34.344,91984.7,91984.8,91975.36,91991.93
2024-11-26T13:36:34.365,91984.7,91984.8,91975.59,91991.93
2024-11-26T13:36:34.384,91984.7,91984.8,91975.6,91991.88
2024-11-26T13:36:34.404,91984.7,91984.8,91975.7,91991.93
2024-11-26T13:36:34.424,91984.7,91984.8,91975.7,91992.46
2024-11-26T13:36:34.444,91984.7,91984.8,91975.68,91992.48
2024-11-26T13:36:34.464,91984.7,91984.8,91975.69,91992.52
2024-11-26T13:36:34.484,91984.7,91984.8,91975.99,91996.305
2024-11-26T13:36:34.505,91984.7,91984.8,91976.66,91996.52
2024-11-26T13:36:34.524,91984.7,91984.8,91976.66,91997.39
2024-11-26T13:36:34.544,91984.7,91984.8,91976.94,91997.01
2024-11-26T13:36:34.564,91984.7,91984.8,91976.95,91998.06
2024-11-26T13:36:34.584,91984.7,91984.8,91976.93,91998.74
2024-11-26T13:36:34.604,91984.7,91984.8,91979.016,91998.77
2024-11-26T13:36:34.624,91984.7,91984.8,91979.16,91998.695
2024-11-26T13:36:34.644,91984.7,91984.8,91979.06,91998.84
2024-11-26T13:36:34.664,91984.7,91984.8,91979.07,91998.766
2024-11-26T13:36:34.684,91984.7,91984.8,91980.234,91998.805
2024-11-26T13:36:34.704,91988.0,91988.1,91981.086,91998.76
2024-11-26T13:36:34.724,91988.0,91988.1,91984.234,91998.945
2024-11-26T13:36:34.744,91988.0,91988.1,91984.164,91998.914
2024-11-26T13:36:34.764,91988.0,91988.1,91984.56,91999.18
2024-11-26T13:36:34.784,91989.5,91989.6,91986.44,91999.28
2024-11-26T13:36:34.804,91989.5,91989.6,91986.04,91999.16
2024-11-26T13:36:34.824,91989.5,91989.6,91986.01,91999.37
2024-11-26T13:36:34.844,91989.5,91989.6,91986.02,91999.375
2024-11-26T13:36:34.864,91989.5,91989.6,91985.85,91999.0
2024-11-26T13:36:34.884,91989.5,91989.6,91986.375,91999.0
2024-11-26T13:36:34.904,91989.5,91989.6,91986.35,91999.1
2024-11-26T13:36:34.924,91989.5,91989.6,91986.35,91999.45
2024-11-26T13:36:34.944,91989.5,91989.6,91985.836,91999.48
2024-11-26T13:36:34.964,91989.5,91989.6,91985.82,91999.48
2024-11-26T13:36:34.984,91989.5,91989.6,91985.836,92000.61
2024-11-26T13:36:35.004,91991.9,91992.0,91987.08,92000.31
2024-11-26T13:36:35.024,91991.9,91992.0,91987.07,92000.01
2024-11-26T13:36:35.044,91991.9,91992.0,91986.84,92000.1
2024-11-26T13:36:35.064,91993.3,91993.4,91988.58,92000.41
2024-11-26T13:36:35.084,91993.3,91993.4,91988.05,92000.41
2024-11-26T13:36:35.104,91993.3,91993.4,91988.03,92000.41
2024-11-26T13:36:35.124,91993.3,91993.4,91988.07,92000.41
2024-11-26T13:36:35.144,91993.6,91993.7,91990.71,92000.25
2024-11-26T13:36:35.164,91993.6,91993.7,91989.47,92000.336
2024-11-26T13:36:35.184,91993.6,91993.7,91989.47,92000.484
2024-11-26T13:36:35.204,91993.6,91993.7,91989.47,92000.336
2024-11-26T13:36:35.224,91993.6,91993.7,91989.41,92000.29
2024-11-26T13:36:35.244,91993.6,91993.7,91985.65,91998.54
2024-11-26T13:36:35.264,91990.3,91990.4,91983.42,91995.59
2024-11-26T13:36:35.284,91990.3,91990.4,91983.164,91997.266
2024-11-26T13:36:35.304,91990.3,91990.4,91984.2,91998.91
2024-11-26T13:36:35.324,91990.3,91990.4,91985.836,91999.83
2024-11-26T13:36:35.344,91990.3,91990.4,91983.85,91997.86
2024-11-26T13:36:35.364,91985.4,91985.5,91983.01,91993.44
2024-11-26T13:36:35.384,91984.9,91985.0,91983.06,91996.74
2024-11-26T13:36:35.404,91984.9,91985.0,91983.16,91998.5
2024-11-26T13:36:35.424,91984.9,91985.0,91983.26,91999.38
2024-11-26T13:36:35.444,91984.9,91985.0,91983.27,91999.31
2024-11-26T13:36:35.465,91984.9,91985.0,91983.27,91999.57
2024-11-26T13:36:35.484,91987.9,91988.0,91984.46,91999.78
2024-11-26T13:36:35.504,91987.9,91988.0,91984.96,91999.555
2024-11-26T13:36:35.524,91987.9,91988.0,91984.97,91999.56
2024-11-26T13:36:35.544,91987.9,91988.0,91984.98,91999.89
2024-11-26T13:36:35.564,91987.9,91988.0,91984.44,91999.91
2024-11-26T13:36:35.584,91988.0,91988.1,91984.47,92000.02
2024-11-26T13:36:35.604,91990.3,91990.4,91984.31,92000.195
2024-11-26T13:36:35.624,91990.3,91990.4,91984.04,92000.21
2024-11-26T13:36:35.644,91990.3,91990.4,91984.36,92000.21
2024-11-26T13:36:35.664,91990.3,91990.4,91984.34,92000.2
2024-11-26T13:36:35.684,91990.3,91990.4,91984.36,92000.2
2024-11-26T13:36:35.704,91990.3,91990.4,91984.375,92000.2
2024-11-26T13:36:35.724,91990.3,91990.4,91984.36,92000.12
2024-11-26T13:36:35.744,91990.3,91990.4,91984.36,92000.24
2024-11-26T13:36:35.764,91990.3,91990.4,91984.2,92000.08
2024-11-26T13:36:35.784,91990.3,91990.4,91985.04,91999.86
2024-11-26T13:36:35.804,91990.3,91990.4,91984.93,91999.67
2024-11-26T13:36:35.824,91990.3,91990.4,91984.92,91999.664
2024-11-26T13:36:35.844,91990.3,91990.4,91984.82,91999.12
2024-11-26T13:36:35.864,91990.3,91990.4,91984.5,91999.02
2024-11-26T13:36:35.884,91990.3,91990.4,91983.86,91998.99
2024-11-26T13:36:35.904,91990.3,91990.4,91984.03,91999.234
2024-11-26T13:36:35.924,91990.3,91990.4,91984.01,91999.27
2024-11-26T13:36:35.944,91990.3,91990.4,91984.01,91999.234
2024-11-26T13:36:35.964,91990.3,91990.4,91983.99,91999.22
2024-11-26T13:36:35.984,91988.7,91988.9,91983.14,91998.97
2024-11-26T13:36:36.004,91988.7,91988.8,91983.47,91996.71
2024-11-26T13:36:36.024,91988.7,91988.8,91983.35,91996.91
2024-11-26T13:36:36.044,91988.7,91988.8,91983.35,91996.91
2024-11-26T13:36:36.064,91988.7,91988.8,91983.35,91996.91
2024-11-26T13:36:36.084,91988.7,91988.8,91983.35,91996.91
2024-11-26T13:36:36.104,91988.7,91988.8,91983.35,91996.91
2024-11-26T13:36:36.124,91988.7,91988.8,91983.45,91996.91
2024-11-26T13:36:36.144,91988.7,91988.8,91983.47,91996.89
2024-11-26T13:36:36.168,91988.7,91988.8,91983.445,91996.914
2024-11-26T13:36:36.184,91988.7,91988.8,91983.445,91996.9
2024-11-26T13:36:36.204,91988.7,91988.8,91983.43,91996.97
2024-11-26T13:36:36.224,91988.7,91988.8,91983.41,91996.97
2024-11-26T13:36:36.244,91988.7,91988.8,91983.41,91996.99
2024-11-26T13:36:36.264,91988.7,91988.8,91983.516,91996.99
2024-11-26T13:36:36.304,91988.7,91988.8,91983.86,91996.74
2024-11-26T13:36:36.324,91988.7,91988.8,91984.58,91997.016
2024-11-26T13:36:36.344,91988.7,91988.8,91984.586,91997.21
2024-11-26T13:36:36.364,91988.7,91988.8,91984.586,91997.23
2024-11-26T13:36:36.385,91988.7,91988.8,91984.586,91997.234
2024-11-26T13:36:36.404,91988.7,91988.8,91984.53,91997.234
2024-11-26T13:36:36.424,91988.7,91988.8,91984.53,91997.234
2024-11-26T13:36:36.444,91988.7,91988.8,91984.53,91997.24
2024-11-26T13:36:36.484,91988.7,91988.8,91984.484,91997.234
2024-11-26T13:36:36.504,91988.7,91988.8,91984.484,91997.47
2024-11-26T13:36:36.524,91988.7,91988.8,91984.484,91997.51
2024-11-26T13:36:36.564,91988.7,91988.8,91983.62,91997.14
2024-11-26T13:36:36.584,91988.7,91988.8,91983.15,91997.16
2024-11-26T13:36:36.604,91988.7,91988.8,91982.89,91997.17
2024-11-26T13:36:36.624,91988.7,91988.8,91983.19,91997.164
2024-11-26T13:36:36.644,91988.7,91988.8,91983.195,91997.164
2024-11-26T13:36:36.664,91988.7,91988.8,91983.195,91997.24
2024-11-26T13:36:36.684,91988.7,91988.8,91983.13,91997.24
2024-11-26T13:36:36.704,91988.7,91988.8,91983.13,91997.25
2024-11-26T13:36:36.724,91988.7,91988.8,91983.13,91997.25
2024-11-26T13:36:36.744,91988.7,91988.8,91983.13,91997.266
2024-11-26T13:36:36.764,91988.7,91988.8,91983.13,91997.266
2024-11-26T13:36:36.804,91988.7,91988.8,91983.13,91997.26
2024-11-26T13:36:36.824,91988.7,91988.8,91983.13,91997.14
2024-11-26T13:36:36.844,91988.7,91988.8,91983.13,91997.14
2024-11-26T13:36:36.884,91988.7,91988.8,91983.11,91997.14
2024-11-26T13:36:36.904,91988.7,91988.8,91983.11,91997.12
2024-11-26T13:36:36.924,91988.7,91988.8,91983.13,91997.12
2024-11-26T13:36:36.944,91988.7,91988.8,91983.125,91997.1
2024-11-26T13:36:36.964,91988.7,91988.8,91983.125,91997.11
2024-11-26T13:36:37.044,91988.7,91988.8,91983.15,91997.11
2024-11-26T13:36:37.064,91988.7,91988.8,91983.14,91997.125
2024-11-26T13:36:37.084,91988.7,91988.8,91983.15,91997.125
2024-11-26T13:36:37.124,91988.7,91988.8,91983.14,91997.125
2024-11-26T13:36:37.144,91988.7,91988.8,91983.12,91997.125
2024-11-26T13:36:37.164,91988.7,91988.8,91983.19,91997.11
2024-11-26T13:36:37.184,91988.7,91988.8,91983.18,91997.11
2024-11-26T13:36:37.204,91988.7,91988.8,91983.18,91997.21
2024-11-26T13:36:37.224,91988.7,91988.8,91983.18,91997.195
2024-11-26T13:36:37.244,91984.9,91985.0,91980.33,91994.78
2024-11-26T13:36:37.264,91984.9,91985.0,91973.96,91993.39
2024-11-26T13:36:37.284,91984.9,91985.0,91971.84,91993.91
2024-11-26T13:36:37.304,91984.9,91985.0,91972.87,91992.06
2024-11-26T13:36:37.324,91984.9,91985.0,91973.984,91994.445
2024-11-26T13:36:37.344,91984.9,91985.0,91974.16,91994.48
2024-11-26T13:36:37.364,91984.9,91985.0,91973.055,91992.57
2024-11-26T13:36:37.384,91984.9,91985.0,91973.84,91992.555
2024-11-26T13:36:37.405,91984.9,91985.0,91973.914,91992.56
2024-11-26T13:36:37.424,91984.9,91985.0,91973.914,91994.875
2024-11-26T13:36:37.444,91984.9,91985.0,91974.266,91994.88
2024-11-26T13:36:37.464,91984.9,91985.0,91974.34,91994.695
2024-11-26T13:36:37.484,91984.9,91985.0,91974.38,91994.195
2024-11-26T13:36:37.504,91984.9,91985.0,91974.38,91992.33
2024-11-26T13:36:37.524,91984.9,91985.0,91974.47,91990.7
2024-11-26T13:36:37.544,91984.9,91985.0,91974.5,91990.52
2024-11-26T13:36:37.564,91984.9,91985.0,91974.484,91993.12
2024-11-26T13:36:37.584,91984.9,91985.0,91975.05,91989.67
2024-11-26T13:36:37.604,91984.9,91985.0,91974.41,91989.62
2024-11-26T13:36:37.625,91984.9,91985.0,91974.83,91989.61
2024-11-26T13:36:37.644,91984.9,91985.0,91974.414,91989.71
2024-11-26T13:36:37.664,91984.9,91985.0,91974.414,91989.76
2024-11-26T13:36:37.684,91984.9,91985.0,91974.39,91989.76
2024-11-26T13:36:37.725,91984.9,91985.0,91974.35,91989.76
2024-11-26T13:36:37.744,91984.9,91985.0,91974.36,91989.75
2024-11-26T13:36:37.785,91984.9,91985.0,91974.67,91989.74
2024-11-26T13:36:37.804,91984.9,91985.0,91974.67,91989.9
2024-11-26T13:36:37.905,91984.9,91985.0,91974.72,91989.9
2024-11-26T13:36:37.984,91984.9,91985.0,91974.67,91989.76
2024-11-26T13:36:38.004,91984.9,91985.0,91974.67,91989.9
2024-11-26T13:36:38.024,91984.9,91985.0,91975.29,91989.9
2024-11-26T13:36:38.044,91984.9,91985.0,91974.83,91989.95
2024-11-26T13:36:38.064,91984.9,91985.0,91975.195,91991.31
2024-11-26T13:36:38.085,91984.9,91985.0,91975.72,91995.445
2024-11-26T13:36:38.105,91984.9,91985.0,91975.79,91995.49
2024-11-26T13:36:38.124,91984.9,91985.0,91975.805,91995.664
2024-11-26T13:36:38.144,91984.9,91985.0,91975.85,91995.67
2024-11-26T13:36:38.164,91984.9,91985.0,91977.375,91997.195
2024-11-26T13:36:38.184,91984.9,91985.0,91979.88,91997.46
2024-11-26T13:36:38.204,91984.9,91985.0,91980.03,91998.93
2024-11-26T13:36:38.224,91984.9,91985.0,91980.06,91998.99
2024-11-26T13:36:38.244,91984.9,91985.0,91981.1,91999.125
2024-11-26T13:36:38.264,91984.9,91985.0,91980.984,91999.125
2024-11-26T13:36:38.284,91984.9,91985.0,91979.34,91994.625
2024-11-26T13:36:38.304,91984.9,91985.0,91980.68,91991.336
2024-11-26T13:36:38.324,91984.9,91985.0,91978.945,91991.54
2024-11-26T13:36:38.344,91984.9,91985.0,91980.44,91991.57
2024-11-26T13:36:38.364,91984.9,91985.0,91980.07,91991.57
2024-11-26T13:36:38.384,91984.9,91985.0,91978.78,91991.57
2024-11-26T13:36:38.404,91984.9,91985.0,91980.43,91991.57
2024-11-26T13:36:38.424,91984.9,91985.0,91980.43,91991.586
2024-11-26T13:36:38.444,91984.9,91985.0,91980.43,91992.31
2024-11-26T13:36:38.464,91984.9,91985.0,91980.43,91992.22
2024-11-26T13:36:38.484,91984.9,91985.0,91980.43,91991.47
2024-11-26T13:36:38.504,91984.9,91985.0,91980.35,91991.49
2024-11-26T13:36:38.525,91984.9,91985.0,91979.96,91991.414
2024-11-26T13:36:38.545,91984.9,91985.0,91980.03,91991.414
2024-11-26T13:36:38.564,91984.9,91985.0,91980.234,91991.414
2024-11-26T13:36:38.585,91984.9,91985.0,91979.09,91991.414
2024-11-26T13:36:38.604,91984.9,91985.0,91978.06,91992.17
2024-11-26T13:36:38.625,91984.9,91985.0,91977.29,91991.73
2024-11-26T13:36:38.644,91984.9,91985.0,91977.3,91991.73
2024-11-26T13:36:38.664,91984.9,91985.0,91977.805,91991.8
2024-11-26T13:36:38.684,91984.9,91985.0,91977.836,91992.016
2024-11-26T13:36:38.704,91984.9,91985.0,91977.85,91992.22
2024-11-26T13:36:38.744,91984.9,91985.0,91977.79,91992.22
2024-11-26T13:36:38.764,91984.9,91985.0,91977.28,91991.27
2024-11-26T13:36:38.784,91984.9,91985.0,91977.28,91991.1
2024-11-26T13:36:38.805,91984.9,91985.0,91977.266,91991.305
2024-11-26T13:36:38.824,91984.9,91985.0,91976.01,91991.125
2024-11-26T13:36:38.844,91984.9,91985.0,91977.34,91991.29
2024-11-26T13:36:38.865,91984.9,91985.0,91977.445,91991.29
2024-11-26T13:36:38.884,91984.9,91985.0,91977.44,91991.29
2024-11-26T13:36:38.925,91984.9,91985.0,91977.375,91991.26
2024-11-26T13:36:38.944,91984.9,91985.0,91976.91,91991.67
2024-11-26T13:36:38.965,91984.9,91985.0,91977.02,91991.64
2024-11-26T13:36:39.004,91984.9,91985.0,91976.36,91991.63
2024-11-26T13:36:39.024,91984.9,91985.0,91976.31,91991.93
2024-11-26T13:36:39.045,91984.9,91985.0,91976.36,91992.1
2024-11-26T13:36:39.064,91984.9,91985.0,91976.31,91992.086
2024-11-26T13:36:39.084,91984.9,91985.0,91977.22,91991.61
2024-11-26T13:36:39.104,91984.9,91985.0,91977.266,91991.7
2024-11-26T13:36:39.124,91984.9,91985.0,91976.99,91991.7
2024-11-26T13:36:39.144,91984.9,91985.0,91977.04,91991.39
2024-11-26T13:36:39.164,91984.9,91985.0,91977.04,91991.164
2024-11-26T13:36:39.184,91984.9,91985.0,91976.984,91991.164
2024-11-26T13:36:39.204,91984.9,91985.0,91977.125,91991.57
2024-11-26T13:36:39.224,91984.9,91985.0,91977.53,91991.54
2024-11-26T13:36:39.244,91984.9,91985.0,91977.805,91991.53
2024-11-26T13:36:39.264,91984.9,91985.0,91977.79,91991.53
2024-11-26T13:36:39.284,91984.9,91985.0,91979.66,91991.305
2024-11-26T13:36:39.305,91984.9,91985.0,91979.53,91991.52
2024-11-26T13:36:39.325,91984.9,91985.0,91977.414,91991.52
2024-11-26T13:36:39.344,91984.9,91985.0,91977.56,91990.98
2024-11-26T13:36:39.364,91984.9,91985.0,91978.3,91990.98
2024-11-26T13:36:39.385,91984.9,91985.0,91978.11,91990.984
2024-11-26T13:36:39.425,91984.9,91985.0,91977.18,91990.984
2024-11-26T13:36:39.444,91984.9,91985.0,91976.04,91992.03
2024-11-26T13:36:39.464,91984.9,91985.0,91974.59,91992.04
2024-11-26T13:36:39.484,91984.9,91985.0,91975.45,91992.11
2024-11-26T13:36:39.504,91984.9,91985.0,91976.18,91992.09
2024-11-26T13:36:39.524,91984.6,91984.7,91974.23,91989.164
2024-11-26T13:36:39.544,91984.6,91984.7,91972.94,91991.93
2024-11-26T13:36:39.564,91984.6,91984.7,91972.9,91993.055
2024-11-26T13:36:39.584,91984.6,91984.7,91972.914,91993.08
2024-11-26T13:36:39.604,91984.6,91984.7,91972.914,91992.22
2024-11-26T13:36:39.624,91984.6,91984.7,91972.9,91993.125
2024-11-26T13:36:39.644,91984.6,91984.7,91972.9,91991.51
2024-11-26T13:36:39.664,91984.6,91984.7,91972.9,91992.055
2024-11-26T13:36:39.684,91984.6,91984.7,91972.9,91991.61
2024-11-26T13:36:39.704,91984.6,91984.7,91972.92,91991.61
2024-11-26T13:36:39.744,91984.6,91984.7,91972.39,91991.484
2024-11-26T13:36:39.764,91984.6,91984.7,91970.66,91991.625
2024-11-26T13:36:39.784,91984.6,91984.7,91970.64,91991.625
2024-11-26T13:36:39.804,91984.6,91984.7,91970.664,91990.87
2024-11-26T13:36:39.824,91984.6,91984.7,91970.664,91991.27
2024-11-26T13:36:39.844,91984.6,91984.7,91970.77,91991.32
2024-11-26T13:36:39.864,91984.6,91984.7,91970.96,91991.37
2024-11-26T13:36:39.884,91984.6,91984.7,91970.945,91991.51
2024-11-26T13:36:39.904,91984.6,91984.7,91970.945,91993.234
2024-11-26T13:36:39.924,91984.6,91984.7,91970.945,91993.26
2024-11-26T13:36:39.944,91984.6,91984.7,91970.94,91991.69
2024-11-26T13:36:39.984,91984.6,91984.7,91970.93,91991.69
2024-11-26T13:36:40.004,91984.6,91984.7,91971.03,91991.72
2024-11-26T13:36:40.084,91984.6,91984.7,91971.04,91991.734
2024-11-26T13:36:40.104,91984.6,91984.7,91971.04,91991.734
2024-11-26T13:36:40.124,91984.6,91984.7,91971.04,91993.28
2024-11-26T13:36:40.144,91984.6,91984.7,91970.94,91993.28
2024-11-26T13:36:40.164,91984.6,91984.7,91970.945,91993.28
2024-11-26T13:36:40.204,91984.6,91984.7,91970.945,91993.29
2024-11-26T13:36:40.224,91984.6,91984.7,91970.94,91993.29
2024-11-26T13:36:40.244,91984.6,91984.7,91970.93,91993.28
2024-11-26T13:36:40.264,91984.6,91984.7,91970.945,91993.28
2024-11-26T13:36:40.304,91984.6,91984.7,91970.945,91991.87
2024-11-26T13:36:40.324,91984.6,91984.7,91970.51,91991.58
2024-11-26T13:36:40.344,91981.0,91981.1,91969.69,91984.125
2024-11-26T13:36:40.364,91981.0,91981.1,91969.68,91984.75
2024-11-26T13:36:40.384,91981.0,91981.1,91969.68,91986.69
2024-11-26T13:36:40.404,91975.7,91975.8,91967.94,91983.555
2024-11-26T13:36:40.424,91975.6,91975.8,91967.695,91985.09
2024-11-26T13:36:40.444,91975.6,91975.7,91967.26,91980.46
2024-11-26T13:36:40.464,91970.5,91970.6,91963.42,91974.1
2024-11-26T13:36:40.484,91968.7,91968.8,91957.47,91972.62
2024-11-26T13:36:40.504,91968.7,91968.8,91957.12,91976.88
2024-11-26T13:36:40.524,91968.7,91968.8,91957.01,91977.42
2024-11-26T13:36:40.544,91968.7,91968.8,91957.914,91977.85
2024-11-26T13:36:40.564,91968.7,91968.8,91957.92,91978.89
2024-11-26T13:36:40.584,91968.7,91968.8,91958.016,91980.09
2024-11-26T13:36:40.604,91968.7,91968.8,91958.14,91980.45
2024-11-26T13:36:40.624,91968.7,91968.8,91958.14,91980.82
2024-11-26T13:36:40.644,91968.7,91968.8,91957.94,91980.41
2024-11-26T13:36:40.664,91968.7,91968.8,91957.94,91980.19
2024-11-26T13:36:40.684,91968.7,91968.8,91957.94,91980.2
2024-11-26T13:36:40.704,91968.7,91968.8,91957.94,91980.23
2024-11-26T13:36:40.724,91968.7,91968.8,91958.02,91980.3
2024-11-26T13:36:40.744,91968.7,91968.8,91958.09,91980.18
2024-11-26T13:36:40.764,91968.7,91968.8,91960.99,91980.195
2024-11-26T13:36:40.784,91968.7,91968.8,91961.0,91980.484
2024-11-26T13:36:40.804,91968.7,91968.8,91961.0,91980.484
2024-11-26T13:36:40.845,91968.7,91968.8,91961.02,91980.484
2024-11-26T13:36:40.865,91968.7,91968.8,91961.02,91980.5
2024-11-26T13:36:40.884,91968.7,91968.8,91961.02,91980.5
2024-11-26T13:36:40.904,91968.7,91968.8,91961.05,91980.5
2024-11-26T13:36:40.965,91968.7,91968.8,91961.12,91980.484
2024-11-26T13:36:40.984,91968.7,91968.8,91961.17,91980.44
2024-11-26T13:36:41.004,91968.7,91968.8,91961.164,91980.43
2024-11-26T13:36:41.024,91968.7,91968.8,91961.24,91980.43
2024-11-26T13:36:41.064,91968.7,91968.8,91960.98,91980.43
2024-11-26T13:36:41.084,91968.7,91968.8,91962.32,91980.78
