server_time,best_bid_price,best_ask_price,avg_buy_price,avg_sell_price
2024-11-26T11:48:51.585,92496.0,92525.5,92501.68,92518.84
2024-11-26T11:48:51.604,92496.0,92525.5,92501.64,92518.5
2024-11-26T11:48:51.624,92496.0,92525.5,92501.72,92518.47
2024-11-26T11:48:51.645,92496.0,92525.5,92501.64,92517.91
2024-11-26T11:48:51.664,92496.0,92525.5,92501.64,92518.06
2024-11-26T11:48:51.684,92496.0,92525.5,92501.61,92518.04
2024-11-26T11:48:51.704,92496.0,92525.5,92501.625,92518.29
2024-11-26T11:48:51.724,92496.0,92525.5,92501.57,92518.66
2024-11-26T11:48:51.744,92496.0,92525.5,92501.586,92518.66
2024-11-26T11:48:51.764,92496.0,92525.5,92501.586,92518.45
2024-11-26T11:48:51.785,92496.0,92525.5,92501.586,92518.17
2024-11-26T11:48:51.804,92496.0,92525.5,92501.586,92518.17
2024-11-26T11:48:51.825,92496.0,92525.5,92501.59,92517.98
2024-11-26T11:48:51.865,92496.0,92525.5,92501.57,92517.836
2024-11-26T11:48:51.884,92496.0,92525.5,92501.65,92518.484
2024-11-26T11:48:51.904,92496.0,92525.5,92501.64,92518.484
2024-11-26T11:48:51.925,92496.0,92525.5,92501.64,92518.28
2024-11-26T11:48:51.984,92496.0,92525.5,92501.75,92518.0
2024-11-26T11:48:52.004,92496.0,92525.5,92501.69,92517.67
2024-11-26T11:48:52.025,92496.0,92525.5,92501.65,92517.47
2024-11-26T11:48:52.064,92496.0,92525.5,92501.63,92517.47
2024-11-26T11:48:52.084,92496.0,92525.5,92501.57,92517.61
2024-11-26T11:48:52.104,92496.0,92525.5,92501.586,92517.47
2024-11-26T11:48:52.124,92496.0,92525.5,92501.49,92517.97
2024-11-26T11:48:52.144,92496.0,92525.5,92501.53,92517.72
2024-11-26T11:48:52.165,92496.0,92525.5,92501.53,92517.7
2024-11-26T11:48:52.184,92496.0,92525.5,92501.5,92517.58
2024-11-26T11:48:52.204,92496.0,92525.5,92501.48,92517.336
2024-11-26T11:48:52.224,92496.0,92525.5,92501.48,92517.3
2024-11-26T11:48:52.244,92496.0,92527.7,92501.48,92525.45
2024-11-26T11:48:52.264,92496.0,92527.7,92501.73,92523.23
2024-11-26T11:48:52.284,92496.0,92527.8,92501.4,92522.72
2024-11-26T11:48:52.304,92496.0,92527.8,92500.914,92522.72
2024-11-26T11:48:52.324,92496.0,92527.8,92501.02,92522.72
2024-11-26T11:48:52.344,92496.0,92527.8,92501.0,92522.9
2024-11-26T11:48:52.364,92496.0,92527.8,92500.9,92522.86
2024-11-26T11:48:52.384,92496.0,92527.8,92500.77,92522.78
2024-11-26T11:48:52.404,92496.0,92527.8,92500.74,92523.016
2024-11-26T11:48:52.424,92496.0,92527.8,92500.61,92522.95
2024-11-26T11:48:52.444,92496.0,92527.8,92500.62,92522.83
2024-11-26T11:48:52.464,92496.0,92527.8,92500.63,92522.4
2024-11-26T11:48:52.484,92496.0,92527.8,92500.63,92522.4
2024-11-26T11:48:52.504,92496.0,92527.8,92500.63,92522.59
2024-11-26T11:48:52.524,92496.0,92527.8,92500.63,92522.59
2024-11-26T11:48:52.544,92496.0,92527.8,92500.55,92522.59
2024-11-26T11:48:52.564,92496.0,92527.8,92500.484,92522.54
2024-11-26T11:48:52.604,92496.0,92527.8,92500.51,92522.54
2024-11-26T11:48:52.624,92496.0,92527.8,92500.516,92522.55
2024-11-26T11:48:52.644,92496.0,92527.8,92500.914,92517.266
2024-11-26T11:48:52.664,92496.0,92527.8,92500.95,92517.39
2024-11-26T11:48:52.685,92496.0,92527.8,92501.016,92518.93
2024-11-26T11:48:52.704,92496.0,92527.8,92501.21,92519.21
2024-11-26T11:48:52.724,92496.0,92527.8,92501.15,92519.195
2024-11-26T11:48:52.744,92496.0,92527.8,92501.23,92519.15
2024-11-26T11:48:52.764,92496.0,92527.8,92501.2,92519.15
2024-11-26T11:48:52.785,92496.0,92527.8,92501.164,92519.086
2024-11-26T11:48:52.805,92496.0,92527.8,92501.03,92517.48
2024-11-26T11:48:52.824,92496.0,92527.8,92501.03,92517.51
2024-11-26T11:48:52.845,92496.0,92527.8,92500.664,92516.695
2024-11-26T11:48:52.864,92496.0,92527.8,92500.38,92516.59
2024-11-26T11:48:52.884,92496.0,92527.8,92500.375,92516.375
2024-11-26T11:48:52.904,92496.0,92527.8,92500.37,92516.875
2024-11-26T11:48:52.924,92496.0,92527.8,92500.37,92516.81
2024-11-26T11:48:52.944,92496.0,92527.8,92500.26,92514.84
2024-11-26T11:48:52.964,92496.0,92527.8,92500.39,92513.66
2024-11-26T11:48:52.984,92495.6,92527.8,92500.24,92514.43
2024-11-26T11:48:53.004,92495.6,92527.8,92500.32,92514.375
2024-11-26T11:48:53.024,92495.6,92527.8,92500.31,92513.94
2024-11-26T11:48:53.044,92495.6,92527.8,92500.34,92513.85
2024-11-26T11:48:53.064,92495.6,92527.8,92500.32,92514.05
2024-11-26T11:48:53.084,92495.2,92527.8,92500.31,92513.81
2024-11-26T11:48:53.104,92495.0,92527.8,92500.31,92514.07
2024-11-26T11:48:53.124,92495.0,92527.8,92500.31,92514.07
2024-11-26T11:48:53.144,92495.0,92527.8,92500.71,92513.82
2024-11-26T11:48:53.164,92495.0,92527.8,92500.664,92514.42
2024-11-26T11:48:53.184,92495.0,92527.8,92500.67,92514.84
2024-11-26T11:48:53.204,92495.0,92527.8,92500.67,92514.99
2024-11-26T11:48:53.224,92495.0,92527.8,92500.65,92516.83
2024-11-26T11:48:53.244,92495.0,92527.8,92500.66,92519.31
2024-11-26T11:48:53.264,92495.0,92527.8,92500.81,92519.86
2024-11-26T11:48:53.285,92495.0,92527.8,92500.8,92519.75
2024-11-26T11:48:53.304,92495.0,92527.8,92500.8,92519.875
2024-11-26T11:48:53.325,92495.0,92527.8,92500.92,92519.15
2024-11-26T11:48:53.345,92495.0,92527.8,92500.984,92519.35
2024-11-26T11:48:53.364,92495.0,92527.8,92500.82,92519.73
2024-11-26T11:48:53.384,92495.0,92527.8,92500.82,92519.93
2024-11-26T11:48:53.404,92495.0,92527.8,92500.984,92520.14
2024-11-26T11:48:53.425,92495.0,92527.8,92500.984,92519.984
2024-11-26T11:48:53.444,92495.0,92527.8,92500.984,92519.516
2024-11-26T11:48:53.464,92495.0,92527.8,92500.984,92519.88
2024-11-26T11:48:53.484,92495.0,92527.8,92500.984,92520.02
2024-11-26T11:48:53.504,92495.0,92527.8,92500.984,92520.02
2024-11-26T11:48:53.525,92495.0,92527.8,92500.99,92520.086
2024-11-26T11:48:53.544,92495.0,92527.8,92500.99,92520.195
2024-11-26T11:48:53.564,92495.0,92527.8,92500.99,92520.21
2024-11-26T11:48:53.585,92495.0,92527.8,92500.99,92520.695
2024-11-26T11:48:53.604,92495.0,92527.8,92500.99,92521.05
2024-11-26T11:48:53.645,92495.0,92527.8,92500.99,92520.95
2024-11-26T11:48:53.664,92495.0,92527.8,92500.99,92520.516
2024-11-26T11:48:53.685,92495.0,92527.8,92500.99,92520.84
2024-11-26T11:48:53.724,92495.0,92527.8,92501.04,92521.94
2024-11-26T11:48:53.744,92495.0,92527.8,92501.16,92522.21
2024-11-26T11:48:53.764,92495.0,92527.8,92501.17,92522.64
2024-11-26T11:48:53.784,92495.0,92527.8,92501.164,92522.55
2024-11-26T11:48:53.804,92495.0,92527.8,92501.17,92522.57
2024-11-26T11:48:53.824,92495.0,92527.8,92501.18,92522.63
2024-11-26T11:48:53.844,92495.0,92527.8,92501.18,92523.5
2024-11-26T11:48:53.864,92495.0,92527.8,92501.18,92523.69
2024-11-26T11:48:53.884,92495.0,92527.8,92501.34,92523.69
2024-11-26T11:48:53.904,92495.0,92527.8,92501.34,92523.61
2024-11-26T11:48:53.924,92495.0,92527.8,92501.34,92523.6
2024-11-26T11:48:53.944,92495.0,92527.8,92501.37,92523.6
2024-11-26T11:48:53.984,92495.0,92527.8,92501.37,92523.71
2024-11-26T11:48:54.004,92495.0,92527.8,92501.37,92523.62
2024-11-26T11:48:54.024,92495.0,92527.8,92501.36,92523.58
2024-11-26T11:48:54.084,92495.0,92527.8,92501.36,92523.58
2024-11-26T11:48:54.104,92495.0,92527.8,92501.36,92523.57
2024-11-26T11:48:54.164,92495.0,92527.8,92501.38,92523.57
2024-11-26T11:48:54.184,92495.0,92527.8,92501.38,92523.3
2024-11-26T11:48:54.204,92495.0,92527.8,92501.38,92523.336
2024-11-26T11:48:54.224,92495.0,92527.8,92501.38,92523.3
2024-11-26T11:48:54.244,92495.0,92527.8,92501.39,92523.33
2024-11-26T11:48:54.264,92495.0,92527.8,92501.39,92523.336
2024-11-26T11:48:54.284,92495.0,92527.8,92501.39,92523.3
2024-11-26T11:48:54.304,92495.0,92527.8,92501.39,92523.3
2024-11-26T11:48:54.324,92495.0,92527.8,92501.39,92523.26
2024-11-26T11:48:54.344,92495.0,92527.8,92501.39,92523.24
2024-11-26T11:48:54.364,92495.0,92527.8,92501.39,92523.26
2024-11-26T11:48:54.404,92495.0,92527.8,92501.39,92523.29
2024-11-26T11:48:54.424,92495.0,92527.8,92501.38,92522.09
2024-11-26T11:48:54.444,92495.0,92527.8,92501.41,92521.93
2024-11-26T11:48:54.604,92495.0,92527.8,92501.39,92522.18
2024-11-26T11:48:54.624,92495.0,92527.8,92501.39,92523.6
2024-11-26T11:48:54.644,92495.0,92527.8,92501.39,92523.44
2024-11-26T11:48:54.664,92495.0,92527.8,92501.39,92523.41
2024-11-26T11:48:54.684,92495.0,92527.8,92501.38,92522.32
2024-11-26T11:48:54.704,92495.0,92527.8,92501.38,92522.445
2024-11-26T11:48:54.724,92495.0,92527.8,92501.375,92522.445
2024-11-26T11:48:54.764,92495.0,92527.8,92501.39,92522.32
2024-11-26T11:48:54.784,92495.0,92527.8,92501.39,92522.15
2024-11-26T11:48:54.804,92495.0,92527.8,92501.39,92521.984
2024-11-26T11:48:54.824,92495.0,92527.8,92501.39,92521.98
2024-11-26T11:48:54.844,92495.0,92527.8,92501.37,92521.14
2024-11-26T11:48:54.864,92495.0,92527.8,92501.37,92521.266
2024-11-26T11:48:54.884,92495.0,92527.8,92501.37,92521.28
2024-11-26T11:48:54.904,92495.0,92527.8,92501.37,92521.48
2024-11-26T11:48:54.924,92495.0,92527.8,92501.37,92521.48
2024-11-26T11:48:54.944,92495.0,92527.8,92501.37,92521.48
2024-11-26T11:48:54.984,92495.0,92527.8,92501.37,92521.336
2024-11-26T11:48:55.004,92495.0,92527.8,92501.37,92520.875
2024-11-26T11:48:55.044,92495.0,92527.8,92501.37,92521.97
2024-11-26T11:48:55.064,92495.0,92527.8,92501.37,92522.15
2024-11-26T11:48:55.104,92495.0,92527.8,92501.37,92522.21
2024-11-26T11:48:55.124,92495.0,92527.8,92501.36,92522.21
2024-11-26T11:48:55.164,92495.0,92527.8,92501.37,92522.18
2024-11-26T11:48:55.185,92495.0,92527.8,92501.37,92519.99
2024-11-26T11:48:55.204,92495.0,92527.8,92501.37,92520.04
2024-11-26T11:48:55.225,92495.0,92527.8,92501.37,92520.33
2024-11-26T11:48:55.244,92495.0,92527.8,92501.375,92519.914
2024-11-26T11:48:55.265,92495.0,92527.8,92501.375,92520.03
2024-11-26T11:48:55.325,92495.0,92527.8,92501.37,92520.03
2024-11-26T11:48:55.344,92495.0,92527.8,92501.38,92520.47
2024-11-26T11:48:55.364,92495.0,92527.8,92501.375,92520.33
2024-11-26T11:48:55.384,92495.0,92527.8,92501.375,92520.805
2024-11-26T11:48:55.404,92495.0,92527.8,92501.375,92520.42
2024-11-26T11:48:55.424,92495.0,92527.8,92501.37,92520.484
2024-11-26T11:48:55.444,92495.0,92527.8,92501.44,92520.484
2024-11-26T11:48:55.464,92495.0,92527.8,92501.37,92520.77
2024-11-26T11:48:55.564,92495.0,92527.8,92501.375,92520.77
2024-11-26T11:48:55.604,92495.0,92527.8,92501.375,92520.484
2024-11-26T11:48:55.624,92495.0,92527.8,92501.37,92520.484
2024-11-26T11:48:55.664,92495.0,92527.8,92501.375,92520.484
2024-11-26T11:48:55.684,92495.0,92527.8,92501.375,92521.555
2024-11-26T11:48:55.704,92495.0,92527.8,92501.36,92521.5
2024-11-26T11:48:55.724,92495.0,92527.8,92501.36,92522.055
2024-11-26T11:48:55.744,92495.0,92527.8,92501.36,92523.18
2024-11-26T11:48:55.764,92495.0,92527.8,92511.2,92525.33
2024-11-26T11:48:55.784,92495.0,92528.1,92510.586,92526.17
2024-11-26T11:48:55.804,92495.0,92529.5,92509.18,92527.11
2024-11-26T11:48:55.824,92495.0,92529.5,92510.02,92526.93
2024-11-26T11:48:55.844,92495.0,92529.7,92510.6,92527.12
2024-11-26T11:48:55.864,92495.0,92529.8,92510.47,92525.77
2024-11-26T11:48:55.884,92495.0,92529.8,92507.836,92525.27
2024-11-26T11:48:55.904,92495.0,92529.8,92507.27,92525.37
2024-11-26T11:48:55.924,92495.0,92529.8,92507.06,92525.37
2024-11-26T11:48:55.944,92495.0,92529.8,92507.05,92525.37
2024-11-26T11:48:55.964,92495.0,92529.8,92506.89,92525.37
2024-11-26T11:48:55.984,92495.0,92529.8,92506.89,92525.37
2024-11-26T11:48:56.004,92495.0,92529.8,92506.89,92525.14
2024-11-26T11:48:56.024,92495.0,92529.8,92507.58,92525.16
2024-11-26T11:48:56.044,92495.0,92529.8,92507.6,92525.21
2024-11-26T11:48:56.064,92495.0,92529.8,92507.54,92525.27
2024-11-26T11:48:56.084,92495.0,92529.8,92507.54,92525.34
2024-11-26T11:48:56.104,92495.0,92529.8,92507.54,92525.48
2024-11-26T11:48:56.124,92495.0,92529.8,92507.164,92525.53
2024-11-26T11:48:56.144,92495.0,92529.8,92507.05,92525.38
2024-11-26T11:48:56.164,92495.0,92529.8,92507.14,92525.36
2024-11-26T11:48:56.184,92495.0,92529.8,92506.31,92525.36
2024-11-26T11:48:56.224,92495.0,92529.8,92506.3,92525.36
2024-11-26T11:48:56.244,92495.0,92529.8,92506.516,92525.36
2024-11-26T11:48:56.284,92495.0,92529.8,92506.32,92525.36
2024-11-26T11:48:56.324,92495.0,92529.8,92506.516,92525.336
2024-11-26T11:48:56.344,92495.0,92529.8,92506.33,92525.336
2024-11-26T11:48:56.364,92495.0,92529.8,92506.234,92525.336
2024-11-26T11:48:56.384,92495.0,92529.8,92506.08,92524.62
2024-11-26T11:48:56.404,92495.0,92529.8,92506.25,92524.62
2024-11-26T11:48:56.424,92495.0,92529.8,92507.1,92524.445
2024-11-26T11:48:56.444,92495.0,92529.8,92507.82,92524.49
2024-11-26T11:48:56.464,92495.0,92529.8,92508.06,92524.65
2024-11-26T11:48:56.485,92495.0,92529.8,92508.086,92524.65
2024-11-26T11:48:56.504,92495.0,92529.8,92508.17,92525.0
2024-11-26T11:48:56.524,92495.0,92529.8,92508.29,92525.0
2024-11-26T11:48:56.544,92495.0,92529.8,92507.14,92524.66
2024-11-26T11:48:56.564,92495.0,92529.8,92506.945,92524.59
2024-11-26T11:48:56.604,92495.0,92529.8,92506.945,92524.58
2024-11-26T11:48:56.664,92495.0,92529.8,92506.945,92524.57
2024-11-26T11:48:56.704,92495.0,92529.8,92506.914,92524.57
2024-11-26T11:48:56.744,92495.0,92529.8,92506.914,92524.59
2024-11-26T11:48:56.784,92495.0,92529.8,92507.234,92524.59
2024-11-26T11:48:56.804,92495.0,92529.8,92506.02,92521.19
2024-11-26T11:48:56.824,92495.0,92529.8,92506.02,92523.664
2024-11-26T11:48:56.844,92495.0,92529.8,92506.06,92523.64
2024-11-26T11:48:56.864,92495.0,92529.8,92506.23,92523.62
2024-11-26T11:48:56.884,92495.0,92529.8,92506.09,92523.625
2024-11-26T11:48:56.904,92495.0,92529.8,92506.3,92523.83
2024-11-26T11:48:56.924,92495.0,92529.8,92506.164,92523.83
2024-11-26T11:48:56.944,92495.0,92529.8,92505.88,92523.83
2024-11-26T11:48:56.964,92495.0,92529.8,92506.05,92523.83
2024-11-26T11:48:56.985,92495.0,92529.8,92507.9,92524.28
2024-11-26T11:48:57.004,92495.0,92529.8,92508.05,92524.586
2024-11-26T11:48:57.024,92495.0,92529.8,92507.55,92524.586
2024-11-26T11:48:57.044,92495.0,92529.8,92507.16,92524.484
2024-11-26T11:48:57.064,92495.0,92529.8,92507.16,92524.586
2024-11-26T11:48:57.084,92495.0,92529.8,92507.7,92524.586
2024-11-26T11:48:57.104,92495.0,92529.8,92508.58,92524.62
2024-11-26T11:48:57.124,92495.0,92529.8,92508.58,92525.055
2024-11-26T11:48:57.164,92495.0,92529.8,92508.58,92526.06
2024-11-26T11:48:57.184,92495.0,92529.8,92513.11,92526.28
2024-11-26T11:48:57.204,92495.0,92529.8,92511.72,92526.35
2024-11-26T11:48:57.224,92495.0,92529.8,92509.58,92526.32
2024-11-26T11:48:57.264,92495.0,92529.8,92509.59,92526.32
2024-11-26T11:48:57.284,92495.0,92529.8,92509.62,92526.33
2024-11-26T11:48:57.304,92495.0,92529.8,92509.31,92527.46
2024-11-26T11:48:57.324,92495.0,92530.4,92509.55,92528.21
2024-11-26T11:48:57.344,92495.0,92532.0,92509.625,92529.41
2024-11-26T11:48:57.364,92495.0,92532.0,92509.555,92529.31
2024-11-26T11:48:57.384,92495.0,92532.0,92509.54,92529.31
2024-11-26T11:48:57.404,92495.0,92532.0,92509.6,92529.31
2024-11-26T11:48:57.424,92495.0,92532.0,92509.41,92529.555
2024-11-26T11:48:57.444,92495.0,92532.0,92509.37,92529.53
2024-11-26T11:48:57.464,92495.0,92532.0,92509.37,92529.53
2024-11-26T11:48:57.504,92495.0,92532.1,92510.66,92529.555
2024-11-26T11:48:57.524,92495.0,92532.1,92510.8,92529.56
2024-11-26T11:48:57.544,92495.0,92532.1,92510.86,92529.56
2024-11-26T11:48:57.564,92495.0,92532.1,92510.54,92529.56
2024-11-26T11:48:57.584,92495.0,92532.1,92509.37,92529.16
2024-11-26T11:48:57.604,92495.0,92532.1,92509.24,92528.24
2024-11-26T11:48:57.624,92495.0,92532.1,92509.16,92527.87
2024-11-26T11:48:57.644,92495.0,92532.1,92509.44,92527.86
2024-11-26T11:48:57.664,92495.0,92532.1,92509.055,92527.89
2024-11-26T11:48:57.684,92495.0,92532.1,92509.41,92527.89
2024-11-26T11:48:57.704,92495.0,92532.1,92509.21,92527.03
2024-11-26T11:48:57.725,92495.0,92532.1,92508.86,92526.94
2024-11-26T11:48:57.744,92495.0,92532.1,92508.86,92526.94
2024-11-26T11:48:57.764,92495.0,92532.1,92509.016,92527.02
2024-11-26T11:48:57.785,92495.0,92532.1,92508.86,92526.94
2024-11-26T11:48:57.804,92495.0,92532.1,92508.77,92526.94
2024-11-26T11:48:57.824,92495.0,92532.1,92508.97,92526.92
2024-11-26T11:48:57.844,92495.0,92532.1,92508.41,92526.78
2024-11-26T11:48:57.864,92495.0,92532.1,92508.27,92526.9
2024-11-26T11:48:57.884,92495.0,92532.1,92508.19,92526.82
2024-11-26T11:48:57.904,92495.0,92532.1,92508.14,92526.81
2024-11-26T11:48:57.924,92495.0,92532.1,92508.13,92526.81
2024-11-26T11:48:57.944,92495.0,92532.1,92508.23,92526.7
2024-11-26T11:48:57.964,92495.0,92532.1,92508.39,92526.445
2024-11-26T11:48:57.984,92495.0,92532.1,92507.49,92526.25
2024-11-26T11:48:58.004,92495.0,92532.1,92508.09,92526.07
2024-11-26T11:48:58.024,92495.0,92532.1,92508.62,92525.94
2024-11-26T11:48:58.044,92495.0,92532.1,92508.25,92525.94
2024-11-26T11:48:58.084,92495.0,92532.1,92508.09,92525.96
2024-11-26T11:48:58.104,92495.0,92532.1,92508.09,92526.14
2024-11-26T11:48:58.144,92495.0,92532.1,92508.234,92526.14
2024-11-26T11:48:58.164,92495.0,92532.1,92508.234,92526.13
2024-11-26T11:48:58.184,92495.0,92532.1,92508.234,92526.11
2024-11-26T11:48:58.204,92495.0,92532.1,92508.2,92526.11
2024-11-26T11:48:58.224,92495.0,92532.1,92508.2,92526.695
2024-11-26T11:48:58.244,92495.0,92532.1,92507.195,92526.24
2024-11-26T11:48:58.264,92495.0,92532.1,92507.16,92526.375
2024-11-26T11:48:58.284,92495.0,92532.1,92503.06,92526.5
2024-11-26T11:48:58.304,92495.0,92532.1,92501.484,92526.52
2024-11-26T11:48:58.324,92495.0,92532.1,92503.07,92526.52
2024-11-26T11:48:58.344,92495.0,92532.1,92503.06,92525.98
2024-11-26T11:48:58.404,92495.0,92532.1,92503.06,92525.97
2024-11-26T11:48:58.424,92495.0,92532.1,92503.07,92525.914
2024-11-26T11:48:58.444,92495.0,92532.1,92507.76,92525.85
2024-11-26T11:48:58.504,92495.0,92532.1,92507.77,92525.86
2024-11-26T11:48:58.524,92495.0,92532.1,92507.77,92525.84
2024-11-26T11:48:58.544,92495.0,92532.1,92507.77,92525.055
2024-11-26T11:48:58.564,92495.0,92532.1,92507.8,92525.055
2024-11-26T11:48:58.584,92495.0,92532.1,92507.8,92525.21
2024-11-26T11:48:58.604,92495.0,92532.1,92507.8,92525.2
2024-11-26T11:48:58.644,92495.0,92532.1,92507.8,92525.13
2024-11-26T11:48:58.664,92495.0,92532.1,92503.01,92525.09
2024-11-26T11:48:58.684,92495.0,92532.1,92503.016,92525.11
2024-11-26T11:48:58.704,92495.0,92532.1,92501.47,92525.11
2024-11-26T11:48:58.724,92495.0,92532.1,92501.47,92525.11
2024-11-26T11:48:58.744,92495.0,92532.1,92501.47,92524.94
2024-11-26T11:48:58.764,92495.0,92532.1,92501.47,92524.89
2024-11-26T11:48:58.784,92495.0,92532.1,92501.49,92525.07
2024-11-26T11:48:58.804,92495.0,92532.1,92501.49,92525.11
2024-11-26T11:48:58.824,92495.0,92532.1,92501.48,92525.11
2024-11-26T11:48:58.844,92495.0,92532.1,92503.016,92525.09
2024-11-26T11:48:58.884,92495.0,92532.1,92507.11,92525.09
2024-11-26T11:48:58.924,92495.0,92532.1,92501.47,92525.11
2024-11-26T11:48:58.944,92495.0,92532.1,92501.445,92525.11
2024-11-26T11:48:58.984,92495.0,92532.1,92501.445,92525.06
2024-11-26T11:48:59.004,92495.0,92532.1,92501.46,92524.875
2024-11-26T11:48:59.024,92495.0,92532.1,92501.445,92524.82
2024-11-26T11:48:59.044,92495.0,92532.1,92501.445,92524.81
2024-11-26T11:48:59.064,92495.0,92532.1,92501.445,92524.81
2024-11-26T11:48:59.104,92495.0,92532.1,92501.47,92524.67
2024-11-26T11:48:59.124,92495.0,92532.1,92501.47,92524.81
2024-11-26T11:48:59.144,92495.0,92532.1,92501.47,92524.86
2024-11-26T11:48:59.164,92495.0,92532.1,92503.055,92524.86
2024-11-26T11:48:59.204,92495.0,92532.1,92503.055,92525.05
2024-11-26T11:48:59.264,92495.0,92532.1,92503.125,92525.05
2024-11-26T11:48:59.284,92495.0,92532.1,92503.125,92525.06
2024-11-26T11:48:59.304,92495.0,92532.1,92503.125,92525.15
2024-11-26T11:48:59.324,92495.0,92532.1,92503.125,92525.15
2024-11-26T11:48:59.344,92495.0,92532.1,92502.91,92525.15
2024-11-26T11:48:59.364,92495.0,92532.1,92501.47,92525.06
2024-11-26T11:48:59.384,92495.0,92532.1,92501.47,92525.07
2024-11-26T11:48:59.404,92495.0,92532.1,92501.43,92525.07
2024-11-26T11:48:59.424,92495.0,92532.1,92501.39,92524.9
2024-11-26T11:48:59.444,92495.0,92532.1,92501.33,92524.836
2024-11-26T11:48:59.464,92495.0,92532.1,92501.32,92524.836
2024-11-26T11:48:59.504,92495.0,92532.1,92501.4,92524.664
2024-11-26T11:48:59.524,92495.0,92532.1,92501.41,92525.484
2024-11-26T11:48:59.544,92495.0,92532.1,92501.41,92525.516
2024-11-26T11:48:59.584,92495.0,92532.1,92501.41,92525.53
2024-11-26T11:48:59.604,92495.0,92532.1,92501.41,92525.57
2024-11-26T11:48:59.624,92495.0,92532.1,92501.41,92524.805
2024-11-26T11:48:59.644,92495.0,92532.1,92502.1,92524.77
2024-11-26T11:48:59.684,92495.0,92532.1,92502.09,92524.77
2024-11-26T11:48:59.704,92495.0,92532.1,92502.09,92524.766
2024-11-26T11:48:59.724,92495.0,92532.1,92502.09,92524.77
2024-11-26T11:48:59.744,92495.0,92532.1,92502.09,92524.766
2024-11-26T11:48:59.784,92495.0,92532.1,92502.1,92524.766
2024-11-26T11:48:59.804,92495.0,92532.1,92502.1,92524.74
2024-11-26T11:48:59.824,92495.0,92532.1,92502.1,92524.72
2024-11-26T11:48:59.844,92495.0,92532.1,92502.1,92524.71
2024-11-26T11:48:59.924,92495.0,92532.1,92502.1,92524.71
2024-11-26T11:48:59.984,92495.0,92532.1,92502.1,92524.71
2024-11-26T11:49:00.044,92495.0,92532.1,92502.1,92524.71
2024-11-26T11:49:00.064,92495.0,92532.1,92502.14,92524.71
2024-11-26T11:49:00.084,92495.0,92532.1,92502.14,92524.73
2024-11-26T11:49:00.104,92495.0,92532.1,92502.14,92524.73
2024-11-26T11:49:00.164,92495.0,92532.1,92502.13,92524.73
2024-11-26T11:49:00.184,92495.0,92532.1,92502.15,92524.734
2024-11-26T11:49:00.204,92495.0,92532.1,92502.15,92524.72
2024-11-26T11:49:00.224,92495.0,92532.1,92502.15,92524.72
2024-11-26T11:49:00.284,92495.0,92532.1,92502.15,92524.695
2024-11-26T11:49:00.324,92495.0,92532.1,92502.15,92524.68
2024-11-26T11:49:00.344,92495.0,92532.1,92502.15,92524.67
2024-11-26T11:49:00.364,92495.0,92532.1,92502.15,92524.69
2024-11-26T11:49:00.384,92495.0,92532.1,92502.16,92524.69
2024-11-26T11:49:00.404,92495.0,92532.1,92502.16,92524.7
2024-11-26T11:49:00.425,92495.0,92532.1,92500.95,92518.266
2024-11-26T11:49:00.444,92495.0,92532.1,92500.51,92517.96
2024-11-26T11:49:00.464,92495.0,92532.1,92500.62,92518.35
2024-11-26T11:49:00.484,92495.0,92532.1,92500.61,92518.43
2024-11-26T11:49:00.504,92495.0,92532.1,92500.44,92518.49
2024-11-26T11:49:00.524,92495.0,92532.1,92500.445,92518.33
2024-11-26T11:49:00.544,92495.0,92532.1,92500.23,92516.91
2024-11-26T11:49:00.564,92495.0,92532.1,92500.11,92515.805
2024-11-26T11:49:00.584,92495.0,92532.1,92500.15,92516.336
2024-11-26T11:49:00.604,92495.0,92532.1,92500.25,92516.61
2024-11-26T11:49:00.624,92495.0,92532.1,92500.45,92517.82
2024-11-26T11:49:00.644,92495.0,92532.1,92500.7,92518.92
2024-11-26T11:49:00.664,92495.0,92532.1,92500.62,92518.89
2024-11-26T11:49:00.685,92495.0,92532.1,92500.52,92518.65
2024-11-26T11:49:00.704,92495.0,92532.1,92500.52,92518.05
2024-11-26T11:49:00.724,92495.0,92532.1,92500.52,92517.99
2024-11-26T11:49:00.744,92495.0,92532.1,92500.555,92517.68
2024-11-26T11:49:00.764,92495.0,92532.1,92500.555,92517.61
2024-11-26T11:49:00.784,92495.0,92532.1,92500.555,92517.76
2024-11-26T11:49:00.804,92495.0,92532.1,92500.555,92517.76
2024-11-26T11:49:00.824,92495.0,92532.1,92500.555,92517.6
2024-11-26T11:49:00.864,92495.0,92532.1,92500.555,92517.54
2024-11-26T11:49:00.944,92495.0,92532.1,92500.51,92517.55
2024-11-26T11:49:00.964,92495.0,92532.1,92500.414,92517.54
2024-11-26T11:49:00.984,92495.0,92532.1,92500.34,92517.555
2024-11-26T11:49:01.004,92495.0,92532.1,92500.34,92517.26
2024-11-26T11:49:01.024,92495.0,92532.1,92500.34,92516.5
2024-11-26T11:49:01.044,92495.0,92532.1,92500.32,92515.234
2024-11-26T11:49:01.064,92495.0,92532.1,92500.32,92515.38
2024-11-26T11:49:01.104,92495.0,92532.1,92500.32,92515.49
2024-11-26T11:49:01.124,92495.0,92532.1,92500.32,92515.51
2024-11-26T11:49:01.144,92495.0,92532.1,92500.25,92515.484
2024-11-26T11:49:01.164,92495.0,92532.1,92500.25,92515.48
2024-11-26T11:49:01.184,92495.0,92532.1,92500.25,92515.484
2024-11-26T11:49:01.204,92495.0,92532.1,92500.25,92515.51
2024-11-26T11:49:01.224,92495.0,92532.1,92500.266,92515.516
2024-11-26T11:49:01.264,92495.0,92532.1,92500.26,92515.516
2024-11-26T11:49:01.284,92495.0,92532.1,92500.2,92515.39
2024-11-26T11:49:01.304,92495.0,92532.1,92500.2,92515.42
2024-11-26T11:49:01.324,92495.0,92532.1,92500.2,92515.43
2024-11-26T11:49:01.344,92495.0,92532.1,92500.2,92515.38
2024-11-26T11:49:01.364,92495.0,92532.1,92500.2,92515.375
2024-11-26T11:49:01.384,92495.0,92532.1,92500.2,92515.6
2024-11-26T11:49:01.404,92495.0,92532.1,92500.2,92515.625
2024-11-26T11:49:01.424,92495.0,92532.1,92500.2,92515.6
2024-11-26T11:49:01.444,92494.7,92532.1,92500.19,92513.66
2024-11-26T11:49:01.464,92494.7,92532.1,92500.16,92513.04
2024-11-26T11:49:01.484,92494.5,92532.1,92500.2,92513.51
2024-11-26T11:49:01.504,92494.5,92532.1,92500.2,92513.8
2024-11-26T11:49:01.524,92494.4,92532.1,92500.2,92513.84
2024-11-26T11:49:01.544,92494.4,92532.1,92500.195,92513.84
2024-11-26T11:49:01.564,92494.4,92532.1,92500.195,92513.97
2024-11-26T11:49:01.584,92494.2,92532.1,92500.195,92513.984
2024-11-26T11:49:01.604,92494.2,92532.1,92500.195,92513.99
2024-11-26T11:49:01.624,92494.2,92532.1,92500.2,92513.95
2024-11-26T11:49:01.644,92494.2,92532.1,92500.2,92514.03
2024-11-26T11:49:01.664,92494.2,92532.1,92500.2,92513.805
2024-11-26T11:49:01.684,92492.2,92532.1,92500.23,92509.61
2024-11-26T11:49:01.704,92492.2,92532.1,92500.234,92507.4
2024-11-26T11:49:01.724,92492.2,92532.1,92500.0,92505.84
2024-11-26T11:49:01.744,92490.9,92532.1,92500.05,92506.28
2024-11-26T11:49:01.764,92490.9,92532.1,92500.05,92506.38
2024-11-26T11:49:01.784,92490.9,92532.1,92500.086,92506.71
2024-11-26T11:49:01.804,92490.9,92532.1,92500.09,92506.71
2024-11-26T11:49:01.824,92490.9,92532.1,92500.09,92506.78
2024-11-26T11:49:01.844,92490.8,92532.1,92500.086,92506.664
2024-11-26T11:49:01.864,92490.8,92532.1,92500.09,92506.69
2024-11-26T11:49:01.884,92490.8,92532.1,92500.09,92506.65
2024-11-26T11:49:01.904,92490.8,92532.1,92500.09,92506.67
2024-11-26T11:49:01.924,92490.8,92532.1,92500.09,92506.67
2024-11-26T11:49:01.944,92490.8,92532.1,92500.09,92506.68
2024-11-26T11:49:01.984,92490.8,92532.1,92500.09,92506.766
2024-11-26T11:49:02.024,92490.8,92532.1,92500.09,92506.74
2024-11-26T11:49:02.044,92490.8,92532.1,92500.09,92506.83
2024-11-26T11:49:02.064,92490.8,92532.1,92500.09,92506.82
2024-11-26T11:49:02.084,92490.8,92532.1,92500.09,92506.87
2024-11-26T11:49:02.104,92490.8,92532.1,92500.164,92506.44
2024-11-26T11:49:02.124,92490.8,92532.1,92500.16,92506.8
2024-11-26T11:49:02.144,92490.8,92532.1,92500.12,92506.66
2024-11-26T11:49:02.165,92490.8,92532.1,92500.08,92506.66
2024-11-26T11:49:02.184,92490.8,92532.1,92500.1,92507.26
2024-11-26T11:49:02.204,92490.8,92532.1,92500.14,92507.26
2024-11-26T11:49:02.224,92490.8,92532.1,92500.13,92507.266
2024-11-26T11:49:02.244,92490.8,92532.1,92500.11,92507.266
2024-11-26T11:49:02.264,92490.8,92532.1,92500.07,92507.13
2024-11-26T11:49:02.304,92490.8,92532.1,92500.13,92507.13
2024-11-26T11:49:02.324,92490.8,92532.1,92500.13,92507.2
2024-11-26T11:49:02.345,92490.8,92532.1,92500.13,92506.62
2024-11-26T11:49:02.365,92490.8,92532.1,92500.13,92506.61
2024-11-26T11:49:02.404,92490.8,92532.1,92500.164,92508.1
2024-11-26T11:49:02.425,92490.8,92532.1,92500.164,92507.83
2024-11-26T11:49:02.444,92490.8,92532.1,92500.15,92508.016
2024-11-26T11:49:02.464,92490.8,92532.1,92500.15,92508.06
2024-11-26T11:49:02.484,92490.8,92532.1,92500.16,92508.125
2024-11-26T11:49:02.504,92490.8,92532.1,92500.15,92508.13
2024-11-26T11:49:02.524,92490.8,92532.1,92500.16,92507.414
2024-11-26T11:49:02.545,92490.8,92532.1,92500.13,92507.23
2024-11-26T11:49:02.565,92490.8,92532.1,92500.13,92507.23
2024-11-26T11:49:02.584,92490.8,92532.1,92500.14,92507.23
2024-11-26T11:49:02.604,92490.8,92532.1,92500.14,92507.28
2024-11-26T11:49:02.625,92490.8,92532.1,92500.14,92507.28
2024-11-26T11:49:02.644,92490.8,92532.1,92500.14,92507.234
2024-11-26T11:49:02.664,92490.8,92532.1,92500.1,92507.12
2024-11-26T11:49:02.684,92490.8,92532.1,92500.086,92507.11
2024-11-26T11:49:02.704,92490.8,92532.1,92500.14,92507.88
2024-11-26T11:49:02.724,92490.8,92532.1,92500.14,92508.02
2024-11-26T11:49:02.744,92490.8,92532.1,92500.14,92508.09
2024-11-26T11:49:02.785,92490.8,92532.1,92500.15,92507.836
2024-11-26T11:49:02.804,92490.8,92532.1,92500.15,92507.83
2024-11-26T11:49:02.824,92490.8,92532.1,92500.14,92507.83
2024-11-26T11:49:02.884,92490.8,92532.1,92500.14,92507.83
2024-11-26T11:49:02.965,92490.8,92532.1,92500.15,92507.83
2024-11-26T11:49:03.024,92490.8,92532.1,92500.15,92507.83
2024-11-26T11:49:03.045,92490.8,92532.1,92500.14,92507.586
2024-11-26T11:49:03.065,92490.8,92532.1,92500.14,92507.46
2024-11-26T11:49:03.084,92490.8,92532.1,92500.14,92507.46
2024-11-26T11:49:03.104,92490.8,92532.1,92499.96,92511.8
2024-11-26T11:49:03.124,92490.8,92532.1,92500.09,92511.88
2024-11-26T11:49:03.145,92490.8,92532.1,92500.15,92511.88
2024-11-26T11:49:03.164,92490.8,92532.1,92500.14,92511.99
2024-11-26T11:49:03.184,92490.8,92532.1,92500.14,92511.99
2024-11-26T11:49:03.204,92490.8,92532.1,92500.09,92511.99
2024-11-26T11:49:03.224,92490.8,92532.1,92500.1,92511.99
2024-11-26T11:49:03.244,92490.8,92532.1,92500.11,92511.99
2024-11-26T11:49:03.264,92490.8,92532.1,92500.11,92512.0
2024-11-26T11:49:03.285,92490.8,92532.1,92500.11,92512.18
2024-11-26T11:49:03.304,92490.8,92532.1,92500.1,92512.234
2024-11-26T11:49:03.325,92490.8,92532.1,92500.1,92512.15
2024-11-26T11:49:03.345,92490.8,92532.1,92500.1,92512.18
2024-11-26T11:49:03.364,92490.8,92532.1,92500.1,92512.27
2024-11-26T11:49:03.384,92490.8,92532.1,92500.11,92512.15
2024-11-26T11:49:03.404,92490.8,92532.1,92500.11,92512.125
2024-11-26T11:49:03.425,92490.8,92532.1,92500.1,92512.18
2024-11-26T11:49:03.444,92490.8,92532.1,92500.09,92512.17
2024-11-26T11:49:03.464,92490.8,92532.1,92500.1,92511.516
2024-11-26T11:49:03.484,92490.8,92532.1,92500.07,92512.12
2024-11-26T11:49:03.505,92490.8,92532.1,92500.07,92512.18
2024-11-26T11:49:03.525,92490.8,92532.1,92500.07,92512.11
2024-11-26T11:49:03.544,92490.8,92532.1,92500.07,92512.09
2024-11-26T11:49:03.584,92490.8,92532.1,92500.07,92512.12
2024-11-26T11:49:03.624,92490.8,92532.1,92500.06,92512.12
2024-11-26T11:49:03.644,92490.8,92532.1,92500.055,92512.12
2024-11-26T11:49:03.664,92490.8,92532.1,92500.13,92515.39
2024-11-26T11:49:03.684,92490.8,92532.1,92501.6,92517.11
2024-11-26T11:49:03.704,92490.8,92532.1,92501.43,92517.09
2024-11-26T11:49:03.724,92490.8,92532.1,92500.58,92517.1
2024-11-26T11:49:03.744,92490.8,92532.1,92501.266,92518.33
2024-11-26T11:49:03.764,92490.8,92532.1,92500.984,92519.43
2024-11-26T11:49:03.784,92490.8,92532.1,92503.58,92520.46
2024-11-26T11:49:03.804,92490.8,92532.1,92502.97,92521.055
2024-11-26T11:49:03.824,92490.8,92532.1,92503.66,92521.516
2024-11-26T11:49:03.848,92490.8,92532.1,92503.3,92521.41
2024-11-26T11:49:03.867,92490.8,92532.1,92503.07,92521.11
2024-11-26T11:49:03.884,92490.8,92532.1,92501.41,92519.164
2024-11-26T11:49:03.904,92490.8,92532.1,92501.13,92519.56
2024-11-26T11:49:03.924,92490.8,92532.1,92500.98,92519.58
2024-11-26T11:49:03.944,92490.8,92532.1,92500.914,92519.96
2024-11-26T11:49:03.964,92490.8,92532.1,92500.98,92520.55
2024-11-26T11:49:03.985,92490.8,92532.1,92500.91,92520.17
2024-11-26T11:49:04.004,92490.8,92532.1,92500.84,92520.46
2024-11-26T11:49:04.024,92490.8,92532.1,92500.81,92520.43
2024-11-26T11:49:04.044,92490.8,92532.1,92500.81,92520.52
2024-11-26T11:49:04.064,92490.8,92532.1,92500.8,92520.52
2024-11-26T11:49:04.084,92490.8,92532.1,92500.73,92520.52
2024-11-26T11:49:04.104,92490.8,92532.1,92500.55,92520.52
2024-11-26T11:49:04.124,92490.8,92532.1,92500.51,92520.52
2024-11-26T11:49:04.144,92490.8,92532.1,92500.5,92520.52
2024-11-26T11:49:04.164,92490.8,92532.1,92500.484,92520.52
2024-11-26T11:49:04.184,92490.8,92532.1,92500.48,92520.52
2024-11-26T11:49:04.204,92490.8,92532.1,92500.48,92520.52
2024-11-26T11:49:04.224,92490.8,92532.1,92500.75,92515.305
2024-11-26T11:49:04.245,92490.8,92532.1,92500.7,92517.39
2024-11-26T11:49:04.265,92490.8,92532.1,92500.92,92517.23
2024-11-26T11:49:04.284,92490.8,92532.1,92500.69,92517.21
2024-11-26T11:49:04.304,92490.8,92532.1,92500.66,92517.06
2024-11-26T11:49:04.324,92490.8,92532.1,92500.67,92517.07
2024-11-26T11:49:04.344,92490.8,92532.1,92500.68,92516.94
2024-11-26T11:49:04.365,92490.8,92532.1,92500.914,92516.94
2024-11-26T11:49:04.384,92490.8,92532.1,92500.914,92517.09
2024-11-26T11:49:04.404,92490.8,92532.1,92500.914,92517.375
2024-11-26T11:49:04.424,92490.8,92532.1,92500.68,92517.28
2024-11-26T11:49:04.445,92490.8,92532.1,92500.88,92517.28
2024-11-26T11:49:04.484,92490.8,92532.1,92500.83,92517.28
2024-11-26T11:49:04.504,92490.8,92532.1,92500.87,92517.28
2024-11-26T11:49:04.524,92490.8,92532.1,92500.805,92517.28
2024-11-26T11:49:04.544,92490.8,92532.1,92500.79,92517.28
2024-11-26T11:49:04.584,92490.8,92532.1,92500.56,92517.28
2024-11-26T11:49:04.604,92490.8,92532.1,92500.72,92517.27
2024-11-26T11:49:04.685,92490.8,92532.1,92500.76,92517.22
2024-11-26T11:49:04.724,92490.8,92532.1,92500.73,92517.27
2024-11-26T11:49:04.744,92490.8,92532.1,92500.73,92517.27
2024-11-26T11:49:04.785,92490.8,92532.1,92500.734,92517.26
2024-11-26T11:49:04.845,92490.8,92532.1,92500.73,92517.055
2024-11-26T11:49:04.864,92490.8,92532.1,92500.73,92517.195
2024-11-26T11:49:04.884,92490.8,92532.1,92500.51,92517.2
2024-11-26T11:49:04.904,92490.8,92532.1,92500.8,92517.06
2024-11-26T11:49:04.924,92490.8,92532.1,92500.875,92517.26
2024-11-26T11:49:04.944,92490.8,92532.1,92500.66,92517.234
2024-11-26T11:49:04.964,92490.8,92532.1,92500.61,92517.19
2024-11-26T11:49:04.985,92490.8,92532.1,92500.625,92517.4
2024-11-26T11:49:05.004,92490.8,92532.1,92500.55,92517.36
2024-11-26T11:49:05.024,92490.8,92532.1,92500.836,92517.45
2024-11-26T11:49:05.044,92490.8,92532.1,92500.88,92517.516
2024-11-26T11:49:05.064,92490.8,92532.1,92500.914,92517.47
2024-11-26T11:49:05.084,92490.8,92532.1,92500.91,92517.49
2024-11-26T11:49:05.104,92490.8,92532.1,92500.9,92517.484
2024-11-26T11:49:05.124,92490.8,92532.1,92500.56,92517.31
2024-11-26T11:49:05.144,92490.8,92532.1,92500.5,92517.16
2024-11-26T11:49:05.164,92490.8,92532.1,92500.54,92517.11
2024-11-26T11:49:05.185,92490.8,92532.1,92500.52,92516.914
2024-11-26T11:49:05.204,92490.8,92532.1,92500.68,92516.75
2024-11-26T11:49:05.225,92490.8,92532.1,92500.68,92516.75
2024-11-26T11:49:05.244,92490.8,92532.1,92500.65,92516.97
2024-11-26T11:49:05.264,92490.8,92532.1,92500.65,92517.21
2024-11-26T11:49:05.285,92490.8,92532.1,92500.65,92517.37
2024-11-26T11:49:05.304,92490.8,92532.1,92500.67,92517.42
2024-11-26T11:49:05.324,92490.8,92532.1,92500.88,92517.65
2024-11-26T11:49:05.344,92490.8,92532.1,92500.94,92517.664
2024-11-26T11:49:05.385,92490.8,92532.1,92500.7,92517.305
2024-11-26T11:49:05.404,92490.8,92532.1,92500.54,92517.19
2024-11-26T11:49:05.425,92490.8,92532.1,92500.55,92517.164
2024-11-26T11:49:05.444,92490.8,92532.1,92500.766,92517.03
2024-11-26T11:49:05.464,92490.8,92532.1,92500.805,92516.84
2024-11-26T11:49:05.484,92490.8,92532.1,92500.53,92516.805
2024-11-26T11:49:05.504,92490.8,92532.1,92500.516,92516.805
2024-11-26T11:49:05.525,92490.8,92532.1,92500.516,92516.766
2024-11-26T11:49:05.564,92490.8,92532.1,92500.516,92516.766
2024-11-26T11:49:05.584,92490.8,92532.1,92500.56,92516.766
2024-11-26T11:49:05.624,92490.8,92532.1,92500.16,92516.67
2024-11-26T11:49:05.644,92490.8,92532.1,92500.07,92513.45
2024-11-26T11:49:05.664,92490.8,92532.1,92500.16,92514.51
2024-11-26T11:49:05.684,92490.8,92532.1,92500.484,92514.8
2024-11-26T11:49:05.704,92490.8,92532.1,92500.52,92515.555
2024-11-26T11:49:05.725,92490.8,92532.1,92500.79,92515.63
2024-11-26T11:49:05.744,92490.8,92532.1,92500.555,92515.65
2024-11-26T11:49:05.764,92490.8,92532.1,92500.55,92515.65
2024-11-26T11:49:05.784,92490.8,92532.1,92500.55,92515.65
2024-11-26T11:49:05.805,92490.8,92532.1,92500.61,92515.65
2024-11-26T11:49:05.825,92490.8,92532.1,92500.61,92515.63
2024-11-26T11:49:05.845,92490.8,92532.1,92500.61,92515.61
2024-11-26T11:49:05.864,92490.8,92532.1,92500.625,92515.42
2024-11-26T11:49:05.884,92490.8,92532.1,92500.625,92515.7
2024-11-26T11:49:05.904,92490.8,92532.1,92500.625,92515.81
2024-11-26T11:49:05.924,92490.8,92532.1,92500.625,92515.875
2024-11-26T11:49:05.944,92490.8,92532.1,92500.625,92515.734
2024-11-26T11:49:05.964,92490.8,92532.1,92500.58,92515.68
2024-11-26T11:49:05.984,92490.8,92532.1,92500.58,92515.67
2024-11-26T11:49:06.004,92490.8,92532.1,92500.586,92515.67
2024-11-26T11:49:06.025,92490.8,92532.1,92500.586,92515.66
2024-11-26T11:49:06.065,92490.8,92532.1,92500.586,92515.67
2024-11-26T11:49:06.084,92490.8,92532.1,92500.586,92515.78
2024-11-26T11:49:06.104,92490.8,92532.1,92500.625,92515.82
2024-11-26T11:49:06.124,92490.8,92532.1,92500.44,92515.65
2024-11-26T11:49:06.145,92490.8,92532.1,92500.44,92515.59
2024-11-26T11:49:06.164,92490.8,92532.1,92500.41,92515.59
2024-11-26T11:49:06.184,92490.8,92532.1,92500.47,92515.76
2024-11-26T11:49:06.204,92490.8,92532.1,92500.56,92515.66
2024-11-26T11:49:06.224,92490.8,92532.1,92500.54,92515.59
2024-11-26T11:49:06.244,92490.8,92532.1,92500.23,92515.59
2024-11-26T11:49:06.264,92490.8,92532.1,92500.3,92515.77
2024-11-26T11:49:06.284,92490.8,92532.1,92500.375,92515.77
2024-11-26T11:49:06.304,92490.8,92532.1,92500.21,92515.77
2024-11-26T11:49:06.324,92490.8,92532.1,92500.125,92515.77
2024-11-26T11:49:06.344,92490.8,92532.1,92500.12,92515.77
2024-11-26T11:49:06.364,92490.8,92532.1,92500.11,92515.77
2024-11-26T11:49:06.384,92490.8,92532.1,92500.11,92515.8
2024-11-26T11:49:06.404,92490.8,92532.1,92500.15,92515.805
2024-11-26T11:49:06.424,92490.8,92532.1,92500.21,92515.8
2024-11-26T11:49:06.444,92490.8,92532.1,92500.2,92515.8
2024-11-26T11:49:06.464,92490.8,92532.1,92500.15,92515.88
2024-11-26T11:49:06.484,92490.8,92532.1,92500.14,92515.89
2024-11-26T11:49:06.504,92490.8,92532.1,92500.12,92515.84
2024-11-26T11:49:06.524,92490.8,92532.1,92500.11,92515.84
2024-11-26T11:49:06.544,92490.8,92532.1,92500.11,92515.836
2024-11-26T11:49:06.604,92490.8,92532.1,92500.11,92515.836
2024-11-26T11:49:06.624,92490.8,92532.1,92500.12,92516.164
2024-11-26T11:49:06.644,92490.8,92532.1,92500.11,92516.15
2024-11-26T11:49:06.664,92490.8,92532.1,92500.1,92516.17
2024-11-26T11:49:06.684,92490.8,92532.1,92500.12,92516.17
2024-11-26T11:49:06.704,92490.8,92532.1,92500.37,92516.05
2024-11-26T11:49:06.724,92490.8,92532.1,92500.37,92515.8
2024-11-26T11:49:06.744,92490.8,92532.1,92500.37,92515.695
2024-11-26T11:49:06.764,92490.8,92532.1,92500.38,92515.805
2024-11-26T11:49:06.784,92490.8,92532.1,92500.38,92515.85
2024-11-26T11:49:06.804,92490.8,92532.1,92500.39,92515.84
2024-11-26T11:49:06.824,92490.8,92532.1,92500.39,92515.85
2024-11-26T11:49:06.844,92490.8,92532.1,92500.44,92515.98
2024-11-26T11:49:06.864,92490.8,92532.1,92500.45,92515.95
2024-11-26T11:49:06.884,92490.8,92532.1,92500.414,92515.95
2024-11-26T11:49:06.904,92490.8,92532.1,92500.414,92515.95
2024-11-26T11:49:06.924,92490.8,92532.1,92500.414,92515.94
2024-11-26T11:49:06.964,92490.8,92532.1,92500.62,92515.99
2024-11-26T11:49:06.984,92490.8,92532.1,92500.805,92516.055
2024-11-26T11:49:07.004,92490.8,92532.1,92500.82,92516.07
2024-11-26T11:49:07.025,92490.8,92532.1,92500.805,92517.22
2024-11-26T11:49:07.044,92490.8,92532.1,92500.805,92517.06
2024-11-26T11:49:07.064,92490.8,92532.1,92500.82,92517.08
2024-11-26T11:49:07.084,92490.8,92532.1,92500.82,92517.125
2024-11-26T11:49:07.104,92490.8,92532.1,92500.75,92517.125
2024-11-26T11:49:07.124,92490.8,92532.1,92500.75,92517.234
2024-11-26T11:49:07.144,92490.8,92532.1,92500.75,92517.234
2024-11-26T11:49:07.184,92490.8,92532.1,92500.72,92515.91
2024-11-26T11:49:07.204,92490.8,92532.1,92500.73,92516.16
2024-11-26T11:49:07.224,92490.8,92532.1,92500.73,92516.16
2024-11-26T11:49:07.244,92490.8,92532.1,92500.77,92516.1
2024-11-26T11:49:07.265,92490.8,92532.1,92500.77,92516.195
2024-11-26T11:49:07.284,92490.8,92532.1,92500.77,92516.195
2024-11-26T11:49:07.304,92490.8,92532.1,92500.83,92516.04
2024-11-26T11:49:07.324,92490.8,92532.1,92500.81,92516.055
2024-11-26T11:49:07.344,92490.8,92532.1,92500.83,92516.055
2024-11-26T11:49:07.364,92490.8,92532.1,92500.84,92516.17
2024-11-26T11:49:07.385,92490.8,92532.1,92500.84,92516.21
2024-11-26T11:49:07.405,92490.8,92532.1,92500.87,92517.08
2024-11-26T11:49:07.424,92490.8,92532.1,92500.87,92517.12
2024-11-26T11:49:07.444,92490.8,92532.1,92500.87,92517.27
2024-11-26T11:49:07.465,92490.8,92532.1,92500.87,92517.1
2024-11-26T11:49:07.484,92490.8,92532.1,92500.87,92516.8
2024-11-26T11:49:07.504,92490.8,92532.1,92500.85,92516.555
2024-11-26T11:49:07.525,92490.8,92532.1,92500.78,92516.53
2024-11-26T11:49:07.545,92490.8,92532.1,92500.805,92516.52
2024-11-26T11:49:07.565,92490.8,92532.1,92500.87,92516.9
2024-11-26T11:49:07.584,92490.8,92532.1,92500.87,92517.0
2024-11-26T11:49:07.604,92490.8,92532.1,92500.8,92517.01
2024-11-26T11:49:07.624,92490.8,92532.1,92500.8,92517.01
2024-11-26T11:49:07.644,92490.8,92532.1,92500.79,92516.71
2024-11-26T11:49:07.684,92490.8,92532.1,92500.79,92516.51
2024-11-26T11:49:07.704,92490.8,92532.1,92500.84,92516.51
2024-11-26T11:49:07.725,92490.8,92532.1,92500.82,92516.51
2024-11-26T11:49:07.745,92490.8,92532.1,92500.82,92516.34
2024-11-26T11:49:07.764,92490.8,92532.1,92500.78,92516.35
2024-11-26T11:49:07.785,92490.8,92532.1,92500.71,92515.8
2024-11-26T11:49:07.804,92490.8,92532.1,92500.68,92515.945
2024-11-26T11:49:07.824,92490.8,92532.1,92500.68,92515.96
2024-11-26T11:49:07.864,92490.8,92532.1,92500.7,92515.96
2024-11-26T11:49:07.884,92490.8,92532.1,92500.695,92515.96
2024-11-26T11:49:07.905,92490.8,92532.1,92500.7,92515.914
2024-11-26T11:49:07.924,92490.8,92532.1,92500.7,92515.88
2024-11-26T11:49:07.945,92490.8,92532.1,92500.695,92515.86
2024-11-26T11:49:07.964,92490.8,92532.1,92500.63,92515.86
2024-11-26T11:49:07.984,92490.8,92532.1,92500.63,92515.93
2024-11-26T11:49:08.004,92490.8,92532.1,92500.34,92515.93
2024-11-26T11:49:08.024,92490.8,92532.1,92500.33,92515.92
2024-11-26T11:49:08.084,92490.8,92532.1,92500.33,92515.92
2024-11-26T11:49:08.104,92490.8,92532.1,92500.41,92515.766
2024-11-26T11:49:08.124,92490.8,92532.1,92500.375,92513.19
2024-11-26T11:49:08.144,92490.8,92532.1,92500.5,92512.58
2024-11-26T11:49:08.164,92490.8,92532.1,92500.49,92513.15
2024-11-26T11:49:08.184,92490.8,92532.1,92500.48,92511.4
2024-11-26T11:49:08.204,92490.8,92532.1,92500.55,92511.96
2024-11-26T11:49:08.224,92490.8,92532.1,92500.57,92512.375
2024-11-26T11:49:08.244,92490.8,92532.1,92500.52,92512.164
2024-11-26T11:49:08.264,92490.8,92532.1,92500.51,92512.09
2024-11-26T11:49:08.284,92490.8,92532.1,92500.51,92512.08
2024-11-26T11:49:08.304,92490.8,92532.1,92500.555,92512.086
2024-11-26T11:49:08.324,92490.8,92532.1,92500.555,92511.836
2024-11-26T11:49:08.344,92490.8,92532.1,92500.56,92511.74
2024-11-26T11:49:08.364,92490.8,92532.1,92500.125,92507.51
2024-11-26T11:49:08.384,92489.8,92532.1,92499.65,92504.38
2024-11-26T11:49:08.404,92489.2,92532.1,92499.52,92505.84
2024-11-26T11:49:08.424,92489.2,92532.1,92499.53,92506.93
2024-11-26T11:49:08.444,92489.2,92532.1,92499.65,92507.4
2024-11-26T11:49:08.464,92489.2,92532.1,92499.836,92507.63
2024-11-26T11:49:08.484,92489.2,92532.1,92499.836,92507.664
2024-11-26T11:49:08.504,92489.2,92532.1,92499.77,92507.125
2024-11-26T11:49:08.524,92489.0,92532.1,92499.766,92507.125
2024-11-26T11:49:08.544,92489.0,92532.1,92499.766,92506.74
2024-11-26T11:49:08.564,92489.0,92532.1,92499.766,92506.58
2024-11-26T11:49:08.584,92489.0,92532.1,92499.766,92506.74
2024-11-26T11:49:08.604,92489.0,92532.1,92499.77,92506.664
2024-11-26T11:49:08.624,92489.0,92532.1,92499.77,92506.83
2024-11-26T11:49:08.644,92489.0,92532.1,92499.77,92506.82
2024-11-26T11:49:08.684,92489.0,92532.1,92499.77,92506.82
2024-11-26T11:49:08.724,92489.0,92532.1,92499.77,92506.78
2024-11-26T11:49:08.764,92489.0,92532.1,92499.77,92506.77
2024-11-26T11:49:08.804,92489.0,92532.1,92499.74,92506.97
2024-11-26T11:49:08.824,92489.0,92532.1,92499.74,92506.945
2024-11-26T11:49:08.844,92489.0,92532.1,92499.78,92506.65
2024-11-26T11:49:08.864,92488.5,92532.1,92499.79,92506.555
2024-11-26T11:49:08.884,92488.5,92532.1,92499.8,92506.555
2024-11-26T11:49:08.904,92488.5,92532.1,92499.8,92506.555
2024-11-26T11:49:08.924,92488.5,92532.1,92499.79,92506.51
2024-11-26T11:49:08.944,92488.5,92532.1,92499.77,92506.89
2024-11-26T11:49:08.964,92488.5,92532.1,92499.766,92507.14
2024-11-26T11:49:08.984,92488.5,92532.1,92499.766,92507.15
2024-11-26T11:49:09.004,92488.5,92532.1,92499.75,92507.5
2024-11-26T11:49:09.024,92488.5,92532.1,92499.75,92507.17
2024-11-26T11:49:09.044,92488.5,92532.1,92499.75,92506.98
2024-11-26T11:49:09.064,92488.5,92532.1,92499.83,92506.95
2024-11-26T11:49:09.084,92488.5,92532.1,92499.805,92506.95
2024-11-26T11:49:09.104,92488.5,92532.1,92499.805,92506.86
2024-11-26T11:49:09.144,92488.5,92532.1,92499.83,92506.87
2024-11-26T11:49:09.164,92488.5,92532.1,92499.766,92506.87
2024-11-26T11:49:09.184,92488.5,92532.1,92499.766,92507.07
2024-11-26T11:49:09.204,92488.5,92532.1,92499.76,92507.28
2024-11-26T11:49:09.224,92488.5,92532.1,92499.734,92507.21
2024-11-26T11:49:09.244,92488.5,92532.1,92499.734,92507.234
2024-11-26T11:49:09.264,92488.5,92532.1,92499.734,92507.16
2024-11-26T11:49:09.284,92488.5,92532.1,92499.734,92507.06
2024-11-26T11:49:09.304,92488.5,92532.1,92499.65,92505.22
2024-11-26T11:49:09.324,92488.5,92532.1,92499.66,92505.266
2024-11-26T11:49:09.384,92488.5,92532.1,92499.68,92505.266
2024-11-26T11:49:09.404,92488.5,92532.1,92499.23,92503.37
2024-11-26T11:49:09.425,92477.6,92532.1,92480.336,92496.45
2024-11-26T11:49:09.444,92477.3,92532.1,92480.26,92493.74
2024-11-26T11:49:09.465,92476.0,92532.1,92481.695,92495.52
2024-11-26T11:49:09.484,92476.0,92532.1,92481.79,92495.46
2024-11-26T11:49:09.504,92476.0,92532.1,92482.08,92495.836
2024-11-26T11:49:09.524,92476.0,92532.1,92481.82,92497.35
2024-11-26T11:49:09.544,92476.0,92532.1,92481.57,92496.41
2024-11-26T11:49:09.564,92476.0,92532.1,92481.37,92497.27
2024-11-26T11:49:09.584,92476.0,92532.1,92487.09,92497.875
2024-11-26T11:49:09.604,92476.0,92532.1,92487.15,92498.28
2024-11-26T11:49:09.624,92476.0,92532.1,92485.695,92498.375
2024-11-26T11:49:09.644,92476.0,92532.1,92485.68,92498.91
2024-11-26T11:49:09.664,92476.0,92532.1,92485.88,92498.51
2024-11-26T11:49:09.684,92476.0,92532.1,92485.89,92498.625
2024-11-26T11:49:09.704,92476.0,92532.1,92485.88,92498.62
2024-11-26T11:49:09.724,92476.0,92532.1,92485.86,92498.5
2024-11-26T11:49:09.745,92476.0,92532.1,92485.836,92498.76
2024-11-26T11:49:09.765,92476.0,92532.1,92485.86,92498.99
2024-11-26T11:49:09.784,92476.0,92532.1,92485.98,92499.664
2024-11-26T11:49:09.804,92476.0,92532.1,92486.08,92499.664
2024-11-26T11:49:09.824,92476.0,92532.1,92486.08,92499.63
2024-11-26T11:49:09.844,92476.0,92532.1,92483.2,92497.34
2024-11-26T11:49:09.864,92476.0,92532.1,92482.67,92497.67
2024-11-26T11:49:09.884,92476.0,92532.1,92481.34,92498.18
2024-11-26T11:49:09.904,92476.0,92532.1,92481.05,92498.195
2024-11-26T11:49:09.924,92476.0,92532.1,92481.016,92498.22
2024-11-26T11:49:09.944,92476.0,92532.1,92481.01,92498.25
2024-11-26T11:49:09.964,92476.0,92532.1,92480.914,92498.3
2024-11-26T11:49:09.984,92476.0,92532.1,92480.914,92498.42
2024-11-26T11:49:10.004,92476.0,92532.1,92481.016,92498.3
2024-11-26T11:49:10.024,92476.0,92532.1,92481.016,92498.28
2024-11-26T11:49:10.044,92476.0,92532.1,92480.586,92497.88
2024-11-26T11:49:10.064,92476.0,92532.1,92480.56,92497.88
2024-11-26T11:49:10.084,92475.2,92532.1,92481.06,92495.59
2024-11-26T11:49:10.104,92475.0,92532.1,92481.85,92495.375
2024-11-26T11:49:10.124,92475.0,92532.1,92481.945,92495.984
2024-11-26T11:49:10.144,92475.0,92532.1,92482.21,92496.414
2024-11-26T11:49:10.164,92475.0,92532.1,92482.23,92496.05
2024-11-26T11:49:10.184,92475.0,92532.1,92481.8,92496.1
2024-11-26T11:49:10.205,92475.0,92532.1,92481.77,92495.125
2024-11-26T11:49:10.225,92475.0,92532.1,92481.555,92495.13
2024-11-26T11:49:10.284,92475.0,92532.1,92481.555,92495.06
2024-11-26T11:49:10.305,92475.0,92532.1,92481.555,92494.766
2024-11-26T11:49:10.324,92475.0,92532.1,92481.44,92494.15
2024-11-26T11:49:10.344,92475.0,92532.1,92481.234,92494.08
2024-11-26T11:49:10.364,92475.0,92532.1,92480.914,92494.08
2024-11-26T11:49:10.385,92475.0,92532.1,92480.914,92494.08
2024-11-26T11:49:10.404,92475.0,92532.1,92480.9,92494.266
2024-11-26T11:49:10.424,92475.0,92532.1,92480.87,92494.38
2024-11-26T11:49:10.444,92475.0,92532.1,92480.87,92494.38
2024-11-26T11:49:10.484,92475.0,92532.1,92480.88,92494.41
2024-11-26T11:49:10.504,92475.0,92532.1,92481.0,92494.41
2024-11-26T11:49:10.524,92475.0,92532.1,92481.0,92494.42
2024-11-26T11:49:10.544,92475.0,92532.1,92481.016,92494.336
2024-11-26T11:49:10.564,92475.0,92532.1,92481.016,92494.22
2024-11-26T11:49:10.604,92475.0,92532.1,92481.016,92494.37
2024-11-26T11:49:10.624,92475.0,92532.1,92481.016,92494.38
2024-11-26T11:49:10.664,92475.0,92532.1,92481.016,92494.39
2024-11-26T11:49:10.684,92475.0,92532.1,92481.016,92494.38
2024-11-26T11:49:10.704,92475.0,92532.1,92480.914,92494.48
2024-11-26T11:49:10.724,92475.0,92532.1,92480.914,92494.48
2024-11-26T11:49:10.764,92475.0,92532.1,92481.016,92494.48
2024-11-26T11:49:10.864,92475.0,92532.1,92482.85,92495.15
2024-11-26T11:49:10.884,92475.0,92532.1,92482.91,92496.61
2024-11-26T11:49:10.904,92475.0,92532.1,92483.12,92498.18
2024-11-26T11:49:10.924,92475.0,92532.1,92483.12,92498.27
2024-11-26T11:49:10.944,92475.0,92532.1,92483.12,92497.44
2024-11-26T11:49:10.964,92475.0,92532.1,92483.17,92497.836
2024-11-26T11:49:10.984,92475.0,92532.1,92484.9,92497.03
2024-11-26T11:49:11.004,92475.0,92532.1,92484.62,92497.1
2024-11-26T11:49:11.025,92475.0,92532.1,92484.62,92497.125
2024-11-26T11:49:11.044,92475.0,92532.1,92483.89,92496.64
2024-11-26T11:49:11.064,92475.0,92532.1,92483.69,92496.414
2024-11-26T11:49:11.084,92475.0,92532.1,92483.66,92496.38
2024-11-26T11:49:11.104,92475.0,92532.1,92483.66,92496.38
2024-11-26T11:49:11.125,92475.0,92532.1,92483.46,92496.83
2024-11-26T11:49:11.144,92475.0,92532.1,92483.61,92496.836
2024-11-26T11:49:11.184,92475.0,92532.1,92483.83,92496.83
2024-11-26T11:49:11.204,92475.0,92532.1,92483.695,92496.83
2024-11-26T11:49:11.224,92475.0,92532.1,92483.695,92496.836
2024-11-26T11:49:11.244,92475.0,92532.1,92483.63,92496.836
2024-11-26T11:49:11.265,92475.0,92532.1,92483.63,92496.83
2024-11-26T11:49:11.304,92475.0,92532.1,92483.63,92497.1
2024-11-26T11:49:11.324,92475.0,92532.1,92483.72,92497.1
2024-11-26T11:49:11.344,92475.0,92532.1,92483.63,92497.1
2024-11-26T11:49:11.365,92475.0,92532.1,92483.72,92496.68
2024-11-26T11:49:11.384,92475.0,92532.1,92483.79,92496.65
2024-11-26T11:49:11.404,92475.0,92532.1,92483.72,92496.65
2024-11-26T11:49:11.424,92475.0,92532.1,92483.72,92496.65
2024-11-26T11:49:11.444,92475.0,92532.1,92483.63,92496.65
2024-11-26T11:49:11.485,92475.0,92532.1,92483.63,92496.55
2024-11-26T11:49:11.544,92475.0,92532.1,92483.63,92496.53
2024-11-26T11:49:11.564,92475.0,92532.1,92483.29,92496.56
2024-11-26T11:49:11.584,92475.0,92532.1,92483.29,92496.555
2024-11-26T11:49:11.605,92475.0,92532.1,92483.29,92496.55
2024-11-26T11:49:11.644,92475.0,92532.1,92483.29,92496.555
2024-11-26T11:49:11.665,92475.0,92532.1,92483.43,92496.64
2024-11-26T11:49:11.685,92475.0,92532.1,92483.43,92496.66
2024-11-26T11:49:11.704,92475.0,92532.1,92483.4,92496.66
2024-11-26T11:49:11.724,92475.0,92532.1,92483.25,92496.56
2024-11-26T11:49:11.744,92475.0,92532.1,92483.4,92496.66
2024-11-26T11:49:11.784,92475.0,92532.1,92483.47,92496.695
2024-11-26T11:49:11.804,92475.0,92532.1,92483.39,92496.695
2024-11-26T11:49:11.825,92475.0,92532.1,92483.39,92496.68
2024-11-26T11:49:11.845,92475.0,92532.1,92483.24,92496.68
2024-11-26T11:49:11.865,92475.0,92532.1,92483.55,92496.89
2024-11-26T11:49:11.884,92475.0,92532.1,92483.24,92497.414
2024-11-26T11:49:11.904,92475.0,92532.1,92483.4,92498.03
2024-11-26T11:49:11.924,92475.0,92532.1,92483.4,92498.03
2024-11-26T11:49:11.945,92475.0,92532.1,92483.43,92498.05
2024-11-26T11:49:11.965,92475.0,92532.1,92483.43,92497.875
2024-11-26T11:49:11.984,92475.0,92532.1,92483.58,92498.44
2024-11-26T11:49:12.004,92475.0,92532.1,92483.375,92498.35
2024-11-26T11:49:12.024,92475.0,92532.1,92483.375,92498.34
2024-11-26T11:49:12.044,92475.0,92532.1,92481.31,92497.96
2024-11-26T11:49:12.064,92475.0,92532.1,92480.34,92497.555
2024-11-26T11:49:12.084,92475.0,92532.1,92480.4,92496.64
2024-11-26T11:49:12.104,92475.0,92532.1,92480.17,92496.88
2024-11-26T11:49:12.124,92475.0,92532.1,92480.17,92496.836
2024-11-26T11:49:12.144,92475.0,92532.1,92480.625,92494.85
2024-11-26T11:49:12.164,92475.0,92532.1,92480.48,92494.5
2024-11-26T11:49:12.184,92475.0,92532.1,92480.47,92494.54
2024-11-26T11:49:12.204,92475.0,92532.1,92480.3,92494.67
2024-11-26T11:49:12.224,92475.0,92532.1,92480.3,92494.66
2024-11-26T11:49:12.244,92475.0,92532.1,92480.39,92494.69
2024-11-26T11:49:12.264,92475.0,92532.1,92480.44,92494.695
2024-11-26T11:49:12.284,92475.0,92532.1,92480.44,92494.555
2024-11-26T11:49:12.324,92475.0,92532.1,92480.44,92494.555
2024-11-26T11:49:12.344,92475.0,92532.1,92480.43,92494.55
2024-11-26T11:49:12.444,92475.0,92532.1,92480.38,92494.55
2024-11-26T11:49:12.484,92475.0,92532.1,92480.38,92494.55
2024-11-26T11:49:12.504,92475.0,92532.1,92480.35,92494.55
2024-11-26T11:49:12.524,92475.0,92532.1,92480.36,92494.64
2024-11-26T11:49:12.564,92475.0,92532.1,92480.36,92494.65
2024-11-26T11:49:12.584,92475.0,92532.1,92480.36,92494.65
2024-11-26T11:49:12.604,92471.2,92532.1,92476.516,92488.83
2024-11-26T11:49:12.625,92466.5,92532.1,92468.57,92487.24
2024-11-26T11:49:12.644,92464.5,92532.1,92468.51,92486.07
2024-11-26T11:49:12.664,92464.2,92532.1,92468.01,92486.4
2024-11-26T11:49:12.684,92464.0,92532.1,92469.08,92488.75
2024-11-26T11:49:12.704,92464.0,92532.1,92469.6,92489.59
2024-11-26T11:49:12.724,92464.0,92532.1,92469.53,92489.266
2024-11-26T11:49:12.744,92464.0,92532.1,92470.32,92489.25
2024-11-26T11:49:12.764,92464.0,92532.1,92469.82,92489.25
2024-11-26T11:49:12.785,92464.0,92532.1,92470.16,92488.92
2024-11-26T11:49:12.804,92464.0,92532.1,92470.29,92489.5
2024-11-26T11:49:12.824,92464.0,92532.1,92470.33,92489.52
2024-11-26T11:49:12.844,92464.0,92532.1,92469.92,92489.375
2024-11-26T11:49:12.864,92464.0,92532.1,92469.92,92489.336
2024-11-26T11:49:12.884,92464.0,92532.1,92469.92,92489.0
2024-11-26T11:49:12.904,92464.0,92532.1,92469.92,92489.0
2024-11-26T11:49:12.925,92464.0,92532.1,92469.92,92488.97
2024-11-26T11:49:12.944,92464.0,92532.1,92469.89,92489.32
2024-11-26T11:49:12.965,92464.0,92532.1,92470.086,92489.38
2024-11-26T11:49:12.985,92464.0,92532.1,92470.086,92489.28
2024-11-26T11:49:13.004,92464.0,92532.1,92470.086,92489.305
2024-11-26T11:49:13.044,92464.0,92532.1,92470.086,92489.36
2024-11-26T11:49:13.064,92464.0,92532.1,92470.1,92489.36
2024-11-26T11:49:13.084,92464.0,92532.1,92470.1,92489.34
2024-11-26T11:49:13.104,92464.0,92532.1,92469.84,92488.81
2024-11-26T11:49:13.125,92464.0,92532.1,92469.84,92488.805
2024-11-26T11:49:13.144,92464.0,92532.1,92469.85,92488.83
2024-11-26T11:49:13.164,92464.0,92532.1,92469.836,92488.32
2024-11-26T11:49:13.184,92464.0,92532.1,92469.836,92488.33
2024-11-26T11:49:13.204,92464.0,92532.1,92470.086,92488.92
2024-11-26T11:49:13.224,92464.0,92532.1,92470.055,92488.93
2024-11-26T11:49:13.244,92464.0,92532.1,92470.055,92489.2
2024-11-26T11:49:13.304,92464.0,92532.1,92470.055,92489.234
2024-11-26T11:49:13.324,92464.0,92532.1,92470.02,92489.305
2024-11-26T11:49:13.344,92464.0,92532.1,92470.0,92489.26
2024-11-26T11:49:13.385,92464.0,92532.1,92470.0,92489.3
2024-11-26T11:49:13.405,92464.0,92532.1,92470.2,92489.34
2024-11-26T11:49:13.425,92464.0,92532.1,92469.98,92489.305
2024-11-26T11:49:13.444,92464.0,92532.1,92470.055,92489.305
2024-11-26T11:49:13.464,92464.0,92532.1,92470.2,92489.34
2024-11-26T11:49:13.484,92464.0,92532.1,92470.0,92489.65
2024-11-26T11:49:13.505,92464.0,92532.1,92469.93,92489.38
2024-11-26T11:49:13.544,92464.0,92532.1,92470.12,92489.66
2024-11-26T11:49:13.564,92464.0,92532.1,92470.12,92490.45
2024-11-26T11:49:13.584,92464.0,92532.1,92470.12,92490.945
2024-11-26T11:49:13.604,92464.0,92532.1,92470.12,92490.86
2024-11-26T11:49:13.624,92464.0,92532.1,92470.14,92490.77
2024-11-26T11:49:13.645,92464.0,92532.1,92470.14,92490.555
2024-11-26T11:49:13.665,92464.0,92532.1,92470.14,92491.62
2024-11-26T11:49:13.684,92464.0,92532.1,92470.14,92491.64
2024-11-26T11:49:13.764,92464.0,92532.1,92470.14,92491.625
2024-11-26T11:49:13.805,92464.0,92532.1,92470.14,92491.516
2024-11-26T11:49:13.824,92464.0,92532.1,92469.914,92491.305
2024-11-26T11:49:13.844,92464.0,92532.1,92470.07,92490.86
2024-11-26T11:49:13.864,92464.0,92532.1,92478.95,92492.586
2024-11-26T11:49:13.885,92464.0,92532.1,92475.4,92492.17
2024-11-26T11:49:13.904,92464.0,92532.1,92472.85,92492.17
2024-11-26T11:49:13.924,92464.0,92532.1,92473.51,92491.62
2024-11-26T11:49:13.944,92464.0,92532.1,92473.51,92492.14
2024-11-26T11:49:13.964,92464.0,92532.1,92473.51,92492.03
2024-11-26T11:49:13.984,92464.0,92532.1,92473.39,92491.984
2024-11-26T11:49:14.004,92464.0,92532.1,92473.4,92492.07
2024-11-26T11:49:14.064,92464.0,92532.1,92473.4,92491.8
2024-11-26T11:49:14.084,92464.0,92532.1,92473.36,92491.8
2024-11-26T11:49:14.104,92464.0,92532.1,92473.36,92491.73
2024-11-26T11:49:14.124,92464.0,92532.1,92473.36,92491.77
2024-11-26T11:49:14.144,92464.0,92532.1,92473.36,92491.77
2024-11-26T11:49:14.164,92464.0,92532.1,92473.36,92491.68
2024-11-26T11:49:14.184,92464.0,92532.1,92473.36,92491.76
2024-11-26T11:49:14.224,92464.0,92532.1,92473.36,92491.69
2024-11-26T11:49:14.244,92464.0,92532.1,92473.32,92491.73
2024-11-26T11:49:14.284,92464.0,92532.1,92473.305,92491.79
2024-11-26T11:49:14.304,92464.0,92532.1,92473.305,92491.72
2024-11-26T11:49:14.364,92464.0,92532.1,92473.305,92491.74
2024-11-26T11:49:14.384,92464.0,92532.1,92473.3,92493.09
2024-11-26T11:49:14.404,92464.0,92532.1,92473.44,92494.65
2024-11-26T11:49:14.424,92464.0,92532.1,92472.85,92494.61
2024-11-26T11:49:14.444,92464.0,92532.1,92472.04,92494.56
2024-11-26T11:49:14.464,92464.0,92532.1,92471.98,92494.03
2024-11-26T11:49:14.484,92464.0,92532.1,92471.98,92494.08
2024-11-26T11:49:14.504,92464.0,92532.1,92471.98,92495.055
2024-11-26T11:49:14.524,92464.0,92532.1,92471.99,92495.05
2024-11-26T11:49:14.544,92464.0,92532.1,92471.99,92495.05
2024-11-26T11:49:14.564,92464.0,92532.1,92482.484,92496.25
2024-11-26T11:49:14.584,92464.0,92532.1,92482.9,92498.28
2024-11-26T11:49:14.604,92464.0,92532.1,92483.64,92497.29
2024-11-26T11:49:14.624,92464.0,92532.1,92482.37,92498.83
2024-11-26T11:49:14.644,92464.0,92532.1,92480.47,92498.78
2024-11-26T11:49:14.664,92464.0,92532.1,92480.43,92497.92
2024-11-26T11:49:14.684,92464.0,92532.1,92481.16,92497.93
2024-11-26T11:49:14.704,92464.0,92532.1,92480.07,92498.18
2024-11-26T11:49:14.724,92464.0,92532.1,92480.08,92497.875
2024-11-26T11:49:14.744,92464.0,92532.1,92479.414,92497.58
2024-11-26T11:49:14.764,92464.0,92532.1,92478.44,92496.91
2024-11-26T11:49:14.784,92464.0,92532.1,92478.02,92496.7
2024-11-26T11:49:14.804,92464.0,92532.1,92478.57,92496.77
2024-11-26T11:49:14.844,92464.0,92532.1,92477.98,92496.77
2024-11-26T11:49:14.864,92464.0,92532.1,92477.9,92496.77
2024-11-26T11:49:14.884,92464.0,92532.1,92478.24,92496.77
2024-11-26T11:49:14.904,92464.0,92532.1,92478.57,92496.77
2024-11-26T11:49:14.924,92464.0,92532.1,92478.82,92496.79
2024-11-26T11:49:14.944,92464.0,92532.1,92478.0,92496.44
2024-11-26T11:49:14.965,92464.0,92532.1,92477.8,92496.43
2024-11-26T11:49:14.984,92464.0,92532.1,92477.72,92496.51
2024-11-26T11:49:15.004,92464.0,92532.1,92478.03,92497.01
2024-11-26T11:49:15.024,92464.0,92532.1,92478.1,92496.75
2024-11-26T11:49:15.044,92464.0,92532.1,92479.66,92497.01
2024-11-26T11:49:15.064,92464.0,92532.1,92479.414,92496.92
2024-11-26T11:49:15.084,92464.0,92532.1,92479.414,92496.66
2024-11-26T11:49:15.104,92464.0,92532.1,92479.54,92497.02
2024-11-26T11:49:15.124,92464.0,92532.1,92479.62,92497.055
2024-11-26T11:49:15.145,92464.0,92532.1,92479.39,92496.99
2024-11-26T11:49:15.164,92464.0,92532.1,92478.99,92496.88
2024-11-26T11:49:15.185,92464.0,92532.1,92478.51,92496.57
2024-11-26T11:49:15.204,92464.0,92532.1,92478.51,92496.54
2024-11-26T11:49:15.224,92464.0,92532.1,92477.39,92496.29
2024-11-26T11:49:15.244,92464.0,92532.1,92477.66,92496.01
2024-11-26T11:49:15.264,92464.0,92532.1,92477.53,92496.18
2024-11-26T11:49:15.284,92464.0,92532.1,92477.66,92496.18
2024-11-26T11:49:15.304,92464.0,92532.1,92477.695,92496.18
2024-11-26T11:49:15.324,92464.0,92532.1,92477.164,92496.18
2024-11-26T11:49:15.344,92464.0,92532.1,92476.96,92495.71
2024-11-26T11:49:15.365,92464.0,92532.1,92477.47,92495.72
2024-11-26T11:49:15.385,92464.0,92532.1,92477.484,92495.72
2024-11-26T11:49:15.404,92464.0,92532.1,92477.484,92495.625
2024-11-26T11:49:15.424,92464.0,92532.1,92477.484,92495.63
2024-11-26T11:49:15.444,92464.0,92532.1,92477.47,92495.63
2024-11-26T11:49:15.464,92464.0,92532.1,92477.4,92495.84
2024-11-26T11:49:15.484,92464.0,92532.1,92477.01,92495.84
2024-11-26T11:49:15.504,92464.0,92532.1,92477.05,92495.84
2024-11-26T11:49:15.524,92464.0,92532.1,92477.04,92495.85
2024-11-26T11:49:15.544,92464.0,92532.1,92477.086,92495.85
2024-11-26T11:49:15.564,92464.0,92532.1,92477.51,92495.85
2024-11-26T11:49:15.604,92464.0,92532.1,92477.51,92495.87
2024-11-26T11:49:15.624,92464.0,92532.1,92477.086,92495.86
2024-11-26T11:49:15.644,92464.0,92532.1,92477.086,92495.89
2024-11-26T11:49:15.664,92464.0,92532.1,92477.086,92495.89
2024-11-26T11:49:15.704,92464.0,92532.1,92477.086,92495.9
2024-11-26T11:49:15.724,92464.0,92532.1,92476.84,92496.266
2024-11-26T11:49:15.744,92464.0,92532.1,92477.266,92496.25
2024-11-26T11:49:15.764,92464.0,92532.1,92477.29,92496.25
2024-11-26T11:49:15.784,92464.0,92532.1,92476.305,92496.25
2024-11-26T11:49:15.804,92464.0,92532.1,92476.305,92496.22
2024-11-26T11:49:15.824,92464.0,92532.1,92476.39,92496.195
2024-11-26T11:49:15.844,92464.0,92532.1,92476.39,92496.19
2024-11-26T11:49:15.884,92464.0,92532.1,92476.39,92496.19
2024-11-26T11:49:15.904,92464.0,92532.1,92476.12,92496.195
2024-11-26T11:49:15.924,92464.0,92532.1,92475.08,92496.195
2024-11-26T11:49:15.944,92464.0,92532.1,92474.82,92496.18
2024-11-26T11:49:15.964,92464.0,92532.1,92474.39,92493.96
2024-11-26T11:49:15.984,92464.0,92532.1,92474.2,92493.09
2024-11-26T11:49:16.004,92464.0,92532.1,92474.086,92493.12
2024-11-26T11:49:16.024,92464.0,92532.1,92474.336,92493.06
2024-11-26T11:49:16.044,92464.0,92532.1,92474.99,92494.17
2024-11-26T11:49:16.064,92464.0,92532.1,92474.99,92494.41
2024-11-26T11:49:16.084,92464.0,92532.1,92473.7,92494.24
2024-11-26T11:49:16.104,92464.0,92532.1,92472.586,92494.51
2024-11-26T11:49:16.124,92464.0,92532.1,92470.195,92494.51
2024-11-26T11:49:16.144,92464.0,92532.1,92472.914,92491.92
2024-11-26T11:49:16.164,92464.0,92532.1,92469.51,92491.625
2024-11-26T11:49:16.184,92464.0,92532.1,92470.086,92491.195
2024-11-26T11:49:16.204,92464.0,92532.1,92470.42,92491.734
2024-11-26T11:49:16.224,92464.0,92532.1,92470.42,92491.69
2024-11-26T11:49:16.244,92464.0,92532.1,92469.555,92491.16
2024-11-26T11:49:16.264,92464.0,92532.1,92469.52,92490.96
2024-11-26T11:49:16.284,92464.0,92532.1,92469.49,92490.97
2024-11-26T11:49:16.304,92464.0,92532.1,92469.49,92491.16
2024-11-26T11:49:16.344,92464.0,92532.1,92469.49,92491.17
2024-11-26T11:49:16.384,92464.0,92532.1,92469.14,92491.414
2024-11-26T11:49:16.404,92464.0,92532.1,92469.234,92491.52
2024-11-26T11:49:16.424,92464.0,92532.1,92469.21,92491.68
2024-11-26T11:49:16.444,92464.0,92532.1,92469.29,92491.42
2024-11-26T11:49:16.464,92464.0,92532.1,92469.29,92491.14
2024-11-26T11:49:16.484,92464.0,92532.1,92469.29,92491.15
2024-11-26T11:49:16.504,92464.0,92532.1,92469.29,92490.34
2024-11-26T11:49:16.524,92464.0,92532.1,92469.19,92486.05
2024-11-26T11:49:16.544,92464.0,92532.1,92469.055,92488.33
2024-11-26T11:49:16.564,92464.0,92532.1,92469.57,92489.82
2024-11-26T11:49:16.584,92464.0,92532.1,92470.19,92490.39
2024-11-26T11:49:16.604,92464.0,92532.1,92470.23,92490.92
2024-11-26T11:49:16.624,92464.0,92532.1,92470.36,92490.45
2024-11-26T11:49:16.645,92464.0,92532.1,92470.375,92490.164
2024-11-26T11:49:16.664,92464.0,92532.1,92470.4,92490.445
2024-11-26T11:49:16.685,92464.0,92532.1,92470.35,92490.19
2024-11-26T11:49:16.704,92464.0,92532.1,92470.39,92490.625
2024-11-26T11:49:16.724,92464.0,92532.1,92470.35,92490.336
2024-11-26T11:49:16.744,92464.0,92532.1,92470.35,92490.484
2024-11-26T11:49:16.765,92464.0,92532.1,92470.39,92490.47
2024-11-26T11:49:16.784,92464.0,92532.1,92470.39,92491.57
2024-11-26T11:49:16.804,92464.0,92532.1,92470.41,92491.39
2024-11-26T11:49:16.824,92464.0,92532.1,92470.41,92491.55
2024-11-26T11:49:16.844,92464.0,92532.1,92470.41,92492.46
2024-11-26T11:49:16.864,92464.0,92532.1,92470.41,92492.47
2024-11-26T11:49:16.884,92464.0,92532.1,92470.45,92493.03
2024-11-26T11:49:16.904,92464.0,92532.1,92470.445,92492.7
2024-11-26T11:49:16.924,92464.0,92532.1,92470.445,92492.7
2024-11-26T11:49:16.944,92464.0,92532.1,92470.445,92492.7
2024-11-26T11:49:16.964,92464.0,92532.1,92470.445,92492.73
2024-11-26T11:49:16.984,92464.0,92532.1,92470.445,92492.73
2024-11-26T11:49:17.004,92464.0,92532.1,92470.445,92492.734
2024-11-26T11:49:17.024,92464.0,92532.1,92470.445,92492.72
2024-11-26T11:49:17.044,92464.0,92532.1,92470.445,92492.56
2024-11-26T11:49:17.064,92464.0,92532.1,92470.445,92492.555
2024-11-26T11:49:17.084,92464.0,92532.1,92470.445,92491.055
2024-11-26T11:49:17.104,92464.0,92532.1,92470.28,92490.65
2024-11-26T11:49:17.125,92464.0,92532.1,92470.3,92490.18
2024-11-26T11:49:17.144,92464.0,92532.1,92470.3,92490.266
2024-11-26T11:49:17.164,92464.0,92532.1,92470.336,92490.55
2024-11-26T11:49:17.184,92464.0,92532.1,92470.336,92490.516
2024-11-26T11:49:17.225,92464.0,92532.1,92470.29,92490.36
2024-11-26T11:49:17.244,92464.0,92532.1,92470.24,92490.445
2024-11-26T11:49:17.264,92464.0,92532.1,92470.28,92490.62
2024-11-26T11:49:17.324,92464.0,92532.1,92470.28,92490.64
2024-11-26T11:49:17.344,92464.0,92532.1,92470.28,92490.76
2024-11-26T11:49:17.364,92464.0,92532.1,92470.28,92491.02
2024-11-26T11:49:17.384,92464.0,92532.1,92470.28,92490.54
2024-11-26T11:49:17.404,92464.0,92532.1,92470.28,92490.56
2024-11-26T11:49:17.424,92464.0,92532.1,92470.445,92491.11
2024-11-26T11:49:17.444,92464.0,92532.1,92470.445,92491.03
2024-11-26T11:49:17.464,92464.0,92532.1,92470.445,92491.195
2024-11-26T11:49:17.484,92464.0,92532.1,92470.055,92487.16
2024-11-26T11:49:17.504,92464.0,92532.1,92469.49,92487.41
2024-11-26T11:49:17.524,92464.0,92532.1,92469.01,92487.445
2024-11-26T11:49:17.544,92464.0,92532.1,92468.89,92487.41
2024-11-26T11:49:17.564,92464.0,92532.1,92468.88,92487.42
2024-11-26T11:49:17.584,92464.0,92532.1,92468.89,92487.664
2024-11-26T11:49:17.604,92464.0,92532.1,92468.65,92482.51
2024-11-26T11:49:17.624,92464.0,92532.1,92468.18,92479.33
2024-11-26T11:49:17.644,92463.4,92532.1,92467.82,92482.79
2024-11-26T11:49:17.664,92463.4,92532.1,92467.914,92482.59
2024-11-26T11:49:17.684,92463.4,92532.1,92467.92,92482.164
2024-11-26T11:49:17.704,92463.0,92532.1,92468.03,92482.19
2024-11-26T11:49:17.724,92462.9,92532.1,92468.04,92481.75
2024-11-26T11:49:17.744,92462.9,92532.1,92468.055,92480.28
2024-11-26T11:49:17.764,92462.9,92532.1,92468.04,92480.2
2024-11-26T11:49:17.784,92462.9,92532.1,92468.04,92480.2
2024-11-26T11:49:17.804,92462.9,92532.1,92468.04,92480.25
2024-11-26T11:49:17.824,92462.4,92532.1,92467.91,92478.6
2024-11-26T11:49:17.844,92462.4,92532.1,92467.92,92478.15
2024-11-26T11:49:17.864,92461.7,92532.1,92467.805,92478.43
2024-11-26T11:49:17.884,92461.7,92532.1,92467.805,92478.38
2024-11-26T11:49:17.904,92461.7,92532.1,92467.95,92478.305
2024-11-26T11:49:17.924,92461.7,92532.1,92467.945,92478.266
2024-11-26T11:49:17.944,92461.7,92532.1,92467.945,92478.18
2024-11-26T11:49:17.964,92461.7,92532.1,92468.01,92478.18
2024-11-26T11:49:17.984,92461.7,92532.1,92468.01,92478.195
2024-11-26T11:49:18.004,92461.7,92532.1,92468.01,92478.266
2024-11-26T11:49:18.024,92461.7,92532.1,92468.01,92478.13
2024-11-26T11:49:18.044,92461.7,92532.1,92468.01,92478.31
2024-11-26T11:49:18.064,92461.7,92532.1,92468.01,92478.33
2024-11-26T11:49:18.084,92461.7,92532.1,92468.016,92478.16
2024-11-26T11:49:18.104,92461.7,92532.1,92468.016,92478.125
2024-11-26T11:49:18.144,92461.7,92532.1,92468.01,92478.125
2024-11-26T11:49:18.164,92461.7,92532.1,92468.01,92478.516
2024-11-26T11:49:18.184,92461.7,92532.1,92468.016,92478.234
2024-11-26T11:49:18.204,92461.7,92532.1,92468.016,92478.19
2024-11-26T11:49:18.244,92461.7,92532.1,92467.945,92478.07
2024-11-26T11:49:18.264,92461.7,92532.1,92467.95,92478.07
2024-11-26T11:49:18.284,92461.7,92532.1,92468.02,92478.07
2024-11-26T11:49:18.344,92461.7,92532.1,92468.02,92478.125
2024-11-26T11:49:18.364,92461.7,92532.1,92468.02,92478.13
2024-11-26T11:49:18.404,92461.7,92532.1,92467.92,92478.13
2024-11-26T11:49:18.424,92461.7,92532.1,92467.95,92478.14
2024-11-26T11:49:18.444,92461.7,92532.1,92467.945,92478.16
2024-11-26T11:49:18.464,92461.7,92532.1,92467.945,92478.125
2024-11-26T11:49:18.484,92461.7,92532.1,92467.945,92478.125
2024-11-26T11:49:18.504,92461.7,92532.1,92467.97,92478.22
2024-11-26T11:49:18.524,92461.7,92532.1,92467.98,92478.195
2024-11-26T11:49:18.564,92461.7,92532.1,92468.0,92478.54
2024-11-26T11:49:18.584,92461.7,92532.1,92468.11,92477.695
2024-11-26T11:49:18.604,92461.7,92532.1,92468.27,92477.7
2024-11-26T11:49:18.624,92461.7,92532.1,92467.98,92477.46
2024-11-26T11:49:18.644,92461.7,92532.1,92468.44,92477.68
2024-11-26T11:49:18.664,92461.7,92532.1,92468.42,92478.48
2024-11-26T11:49:18.684,92461.7,92532.1,92468.22,92478.58
2024-11-26T11:49:18.704,92461.7,92532.1,92468.195,92478.625
2024-11-26T11:49:18.724,92461.7,92532.1,92469.14,92481.49
2024-11-26T11:49:18.745,92461.7,92532.1,92469.19,92482.25
2024-11-26T11:49:18.764,92461.7,92532.1,92469.23,92482.25
2024-11-26T11:49:18.784,92461.7,92532.1,92469.21,92482.11
2024-11-26T11:49:18.804,92461.7,92532.1,92469.07,92482.25
2024-11-26T11:49:18.824,92461.7,92532.1,92469.305,92482.445
2024-11-26T11:49:18.844,92461.7,92532.1,92469.4,92482.445
2024-11-26T11:49:18.924,92461.7,92532.1,92469.4,92482.42
2024-11-26T11:49:18.945,92461.7,92532.1,92469.4,92482.25
2024-11-26T11:49:18.964,92461.7,92532.1,92469.4,92482.914
2024-11-26T11:49:18.984,92461.7,92532.1,92469.43,92482.914
2024-11-26T11:49:19.004,92461.7,92532.1,92468.45,92482.91
2024-11-26T11:49:19.024,92461.7,92532.1,92468.27,92482.28
2024-11-26T11:49:19.044,92461.7,92532.1,92468.336,92481.73
2024-11-26T11:49:19.065,92461.7,92532.1,92468.56,92482.08
2024-11-26T11:49:19.084,92461.7,92532.1,92468.54,92481.945
2024-11-26T11:49:19.104,92461.7,92532.1,92468.08,92481.945
2024-11-26T11:49:19.124,92461.7,92532.1,92467.86,92482.15
2024-11-26T11:49:19.144,92461.7,92532.1,92467.76,92482.19
2024-11-26T11:49:19.164,92461.7,92532.1,92467.71,92481.27
2024-11-26T11:49:19.184,92461.7,92532.1,92467.695,92480.234
2024-11-26T11:49:19.204,92461.7,92532.1,92467.695,92480.11
2024-11-26T11:49:19.224,92461.7,92532.1,92467.71,92480.11
2024-11-26T11:49:19.244,92461.7,92532.1,92467.71,92480.18
2024-11-26T11:49:19.264,92461.7,92532.1,92468.0,92480.375
2024-11-26T11:49:19.284,92461.7,92532.1,92468.516,92479.7
2024-11-26T11:49:19.304,92461.7,92532.1,92468.516,92479.61
2024-11-26T11:49:19.325,92461.7,92532.1,92468.516,92479.516
2024-11-26T11:49:19.364,92461.7,92532.1,92467.766,92479.52
2024-11-26T11:49:19.384,92461.7,92532.1,92467.766,92479.484
2024-11-26T11:49:19.404,92461.7,92532.1,92467.75,92480.086
2024-11-26T11:49:19.424,92461.7,92532.1,92467.75,92479.875
2024-11-26T11:49:19.464,92461.7,92532.1,92467.75,92479.95
2024-11-26T11:49:19.484,92461.7,92532.1,92467.75,92480.17
2024-11-26T11:49:19.524,92461.7,92532.1,92467.734,92480.375
2024-11-26T11:49:19.544,92461.7,92532.1,92467.625,92480.27
2024-11-26T11:49:19.564,92461.7,92532.1,92467.625,92480.266
2024-11-26T11:49:19.584,92461.7,92532.1,92467.62,92480.086
2024-11-26T11:49:19.604,92461.7,92532.1,92467.62,92480.055
2024-11-26T11:49:19.624,92461.7,92532.1,92467.61,92480.234
2024-11-26T11:49:19.644,92461.7,92532.1,92467.47,92477.26
2024-11-26T11:49:19.664,92461.7,92532.1,92467.6,92478.09
2024-11-26T11:49:19.684,92461.7,92532.1,92467.6,92478.61
2024-11-26T11:49:19.724,92461.7,92532.1,92467.6,92478.61
2024-11-26T11:49:19.744,92461.7,92532.1,92467.6,92478.63
2024-11-26T11:49:19.764,92461.7,92532.1,92467.6,92478.76
2024-11-26T11:49:19.804,92461.7,92532.1,92467.586,92478.83
2024-11-26T11:49:19.824,92461.7,92532.1,92467.63,92478.75
2024-11-26T11:49:19.844,92461.7,92532.1,92467.63,92478.75
2024-11-26T11:49:19.904,92461.7,92532.1,92467.64,92478.76
2024-11-26T11:49:19.924,92461.7,92532.1,92467.65,92478.76
2024-11-26T11:49:19.944,92461.7,92532.1,92467.82,92478.75
2024-11-26T11:49:19.964,92461.7,92532.1,92467.66,92478.76
2024-11-26T11:49:20.024,92461.7,92532.1,92467.84,92477.75
2024-11-26T11:49:20.044,92461.7,92532.1,92468.1,92477.88
2024-11-26T11:49:20.064,92461.7,92532.1,92468.1,92477.89
2024-11-26T11:49:20.084,92461.7,92532.1,92468.05,92477.98
2024-11-26T11:49:20.104,92461.7,92532.1,92468.05,92477.98
2024-11-26T11:49:20.124,92461.7,92532.1,92467.68,92477.98
2024-11-26T11:49:20.144,92461.7,92532.1,92467.68,92477.87
2024-11-26T11:49:20.164,92461.7,92532.1,92467.664,92477.87
2024-11-26T11:49:20.184,92461.7,92532.1,92467.664,92477.67
2024-11-26T11:49:20.224,92461.7,92532.1,92467.664,92477.56
2024-11-26T11:49:20.304,92461.7,92532.1,92467.664,92477.55
2024-11-26T11:49:20.324,92461.7,92532.1,92467.664,92477.586
2024-11-26T11:49:20.344,92461.7,92532.1,92467.664,92477.65
2024-11-26T11:49:20.364,92461.7,92532.1,92467.664,92477.65
2024-11-26T11:49:20.384,92461.7,92532.1,92467.664,92477.65
2024-11-26T11:49:20.404,92458.6,92532.1,92465.46,92478.33
2024-11-26T11:49:20.424,92458.6,92532.1,92466.6,92478.09
2024-11-26T11:49:20.444,92458.6,92532.1,92466.14,92476.18
2024-11-26T11:49:20.464,92458.6,92532.1,92465.23,92476.164
2024-11-26T11:49:20.485,92458.6,92532.1,92465.44,92476.66
2024-11-26T11:49:20.505,92458.6,92532.1,92465.53,92476.59
2024-11-26T11:49:20.524,92458.6,92532.1,92465.54,92476.61
2024-11-26T11:49:20.544,92458.6,92532.1,92465.51,92476.555
2024-11-26T11:49:20.565,92458.6,92532.1,92465.46,92476.555
2024-11-26T11:49:20.584,92458.6,92532.1,92465.46,92476.55
2024-11-26T11:49:20.605,92458.6,92532.1,92465.46,92476.555
2024-11-26T11:49:20.625,92458.6,92532.1,92465.016,92476.53
2024-11-26T11:49:20.645,92458.6,92532.1,92465.21,92476.516
2024-11-26T11:49:20.664,92458.6,92532.1,92465.25,92476.51
2024-11-26T11:49:20.704,92458.6,92532.1,92465.25,92476.516
2024-11-26T11:49:20.724,92458.6,92532.1,92465.38,92476.19
2024-11-26T11:49:20.745,92458.6,92532.1,92465.39,92476.2
2024-11-26T11:49:20.764,92458.6,92532.1,92465.42,92476.76
2024-11-26T11:49:20.784,92458.6,92532.1,92465.26,92477.21
2024-11-26T11:49:20.804,92458.6,92532.1,92465.336,92477.58
2024-11-26T11:49:20.826,92458.6,92532.1,92465.336,92477.58
2024-11-26T11:49:20.844,92458.6,92532.1,92465.336,92477.58
2024-11-26T11:49:20.884,92458.6,92532.1,92465.46,92477.58
2024-11-26T11:49:20.905,92458.6,92532.1,92465.39,92478.81
2024-11-26T11:49:20.944,92458.6,92532.1,92465.44,92478.81
2024-11-26T11:49:20.964,92458.6,92532.1,92465.38,92478.81
2024-11-26T11:49:21.004,92458.6,92532.1,92465.43,92478.81
2024-11-26T11:49:21.024,92458.6,92532.1,92465.02,92478.81
2024-11-26T11:49:21.044,92458.6,92532.1,92464.86,92478.81
2024-11-26T11:49:21.085,92458.6,92532.1,92464.914,92477.57
2024-11-26T11:49:21.104,92458.6,92532.1,92464.914,92477.58
2024-11-26T11:49:21.164,92458.6,92532.1,92464.86,92477.58
2024-11-26T11:49:21.185,92458.6,92532.1,92464.86,92477.586
2024-11-26T11:49:21.204,92458.6,92532.1,92464.84,92477.57
2024-11-26T11:49:21.225,92458.6,92532.1,92464.84,92477.195
2024-11-26T11:49:21.245,92458.6,92532.1,92464.81,92477.29
2024-11-26T11:49:21.264,92458.6,92532.1,92464.99,92477.57
2024-11-26T11:49:21.284,92458.6,92532.1,92464.99,92477.57
2024-11-26T11:49:21.304,92458.6,92532.1,92465.05,92477.586
2024-11-26T11:49:21.324,92458.6,92532.1,92464.99,92477.586
2024-11-26T11:49:21.345,92458.6,92532.1,92464.99,92477.75
2024-11-26T11:49:21.364,92458.6,92532.1,92464.99,92477.63
2024-11-26T11:49:21.425,92458.6,92532.1,92464.97,92477.305
2024-11-26T11:49:21.445,92458.6,92532.1,92464.97,92477.305
2024-11-26T11:49:21.464,92458.6,92532.1,92464.99,92477.51
2024-11-26T11:49:21.485,92458.6,92532.1,92465.05,92477.51
2024-11-26T11:49:21.504,92458.6,92532.1,92465.06,92477.51
2024-11-26T11:49:21.524,92458.6,92532.1,92465.06,92477.51
2024-11-26T11:49:21.545,92458.6,92532.1,92465.06,92477.63
2024-11-26T11:49:21.604,92458.6,92532.1,92465.06,92477.664
2024-11-26T11:49:21.624,92458.6,92532.1,92465.06,92477.85
2024-11-26T11:49:21.664,92458.6,92532.1,92465.086,92477.85
2024-11-26T11:49:21.685,92458.6,92532.1,92465.09,92477.85
2024-11-26T11:49:21.764,92458.6,92532.1,92465.09,92477.85
2024-11-26T11:49:21.784,92458.6,92532.1,92465.09,92478.805
2024-11-26T11:49:21.804,92458.6,92532.1,92465.03,92478.805
2024-11-26T11:49:21.824,92458.6,92532.1,92464.87,92478.83
2024-11-26T11:49:21.845,92458.6,92532.1,92464.945,92478.82
2024-11-26T11:49:21.884,92458.6,92532.1,92464.99,92478.82
2024-11-26T11:49:21.924,92458.6,92532.1,92465.13,92478.82
2024-11-26T11:49:21.944,92458.6,92532.1,92465.09,92477.695
2024-11-26T11:49:21.964,92458.6,92532.1,92464.805,92477.695
2024-11-26T11:49:22.005,92458.6,92532.1,92464.805,92477.64
2024-11-26T11:49:22.024,92458.6,92532.1,92465.58,92477.8
2024-11-26T11:49:22.044,92458.6,92532.1,92465.58,92477.83
2024-11-26T11:49:22.065,92458.6,92532.1,92465.58,92477.83
2024-11-26T11:49:22.104,92458.6,92532.1,92465.58,92477.805
2024-11-26T11:49:22.204,92458.6,92532.1,92465.586,92477.805
2024-11-26T11:49:22.245,92458.6,92532.1,92465.586,92477.734
2024-11-26T11:49:22.265,92458.6,92532.1,92465.58,92477.82
2024-11-26T11:49:22.284,92458.6,92532.1,92465.58,92477.9
2024-11-26T11:49:22.304,92458.6,92532.1,92465.58,92478.66
2024-11-26T11:49:22.324,92458.6,92532.1,92465.37,92478.805
2024-11-26T11:49:22.344,92458.6,92532.1,92465.33,92478.81
2024-11-26T11:49:22.384,92458.6,92532.1,92465.33,92478.77
2024-11-26T11:49:22.404,92458.6,92532.1,92465.33,92478.84
2024-11-26T11:49:22.424,92458.6,92532.1,92471.34,92485.64
2024-11-26T11:49:22.444,92458.6,92532.1,92472.01,92486.63
2024-11-26T11:49:22.464,92458.6,92532.1,92472.98,92486.53
2024-11-26T11:49:22.484,92458.6,92532.1,92474.05,92487.016
2024-11-26T11:49:22.504,92458.6,92532.1,92476.32,92487.375
2024-11-26T11:49:22.524,92458.6,92532.1,92475.586,92488.305
2024-11-26T11:49:22.544,92458.6,92532.1,92471.81,92488.7
2024-11-26T11:49:22.564,92458.6,92532.1,92472.09,92489.28
2024-11-26T11:49:22.584,92458.6,92532.1,92474.164,92489.45
2024-11-26T11:49:22.604,92458.6,92532.1,92473.125,92489.4
2024-11-26T11:49:22.624,92458.6,92532.1,92472.62,92489.4
2024-11-26T11:49:22.644,92458.6,92532.1,92472.83,92489.4
2024-11-26T11:49:22.664,92458.6,92532.1,92472.85,92489.35
2024-11-26T11:49:22.684,92458.6,92532.1,92472.85,92489.35
2024-11-26T11:49:22.704,92458.6,92532.1,92472.85,92489.35
2024-11-26T11:49:22.724,92458.6,92532.1,92472.85,92489.35
2024-11-26T11:49:22.744,92458.6,92532.1,92472.85,92489.13
2024-11-26T11:49:22.764,92458.6,92532.1,92472.89,92489.13
2024-11-26T11:49:22.804,92458.6,92532.1,92472.89,92489.35
2024-11-26T11:49:22.864,92458.6,92532.1,92472.89,92489.11
2024-11-26T11:49:22.884,92458.6,92532.1,92472.89,92489.24
2024-11-26T11:49:22.904,92458.6,92532.1,92472.89,92489.44
2024-11-26T11:49:22.924,92458.6,92532.1,92472.89,92489.31
2024-11-26T11:49:22.964,92458.6,92532.1,92472.88,92489.31
2024-11-26T11:49:22.984,92458.6,92532.1,92472.88,92489.44
2024-11-26T11:49:23.004,92458.6,92532.1,92472.88,92489.24
2024-11-26T11:49:23.044,92458.6,92532.1,92472.88,92489.13
2024-11-26T11:49:23.064,92458.6,92532.1,92472.88,92489.03
2024-11-26T11:49:23.085,92458.6,92532.1,92472.08,92487.664
2024-11-26T11:49:23.104,92458.6,92532.1,92472.14,92487.87
2024-11-26T11:49:23.124,92458.6,92532.1,92470.9,92487.805
2024-11-26T11:49:23.144,92458.6,92532.1,92470.93,92487.63
2024-11-26T11:49:23.165,92458.6,92532.1,92470.94,92487.94
2024-11-26T11:49:23.184,92458.6,92532.1,92470.94,92488.52
2024-11-26T11:49:23.204,92458.6,92532.1,92470.97,92488.52
2024-11-26T11:49:23.225,92458.6,92532.1,92470.97,92488.67
2024-11-26T11:49:23.284,92458.6,92532.1,92470.97,92488.81
2024-11-26T11:49:23.325,92458.6,92532.1,92470.97,92489.07
2024-11-26T11:49:23.344,92458.6,92532.1,92470.875,92489.305
2024-11-26T11:49:23.364,92458.6,92532.1,92469.15,92485.625
2024-11-26T11:49:23.384,92458.6,92532.1,92467.83,92485.5
2024-11-26T11:49:23.404,92458.6,92532.1,92467.836,92485.5
2024-11-26T11:49:23.424,92458.6,92532.1,92468.07,92485.914
2024-11-26T11:49:23.444,92458.6,92532.1,92468.266,92486.37
2024-11-26T11:49:23.464,92458.6,92532.1,92467.914,92486.3
2024-11-26T11:49:23.484,92458.6,92532.1,92469.24,92486.61
2024-11-26T11:49:23.504,92458.6,92532.1,92469.19,92486.69
2024-11-26T11:49:23.524,92458.6,92532.1,92469.25,92486.85
2024-11-26T11:49:23.544,92458.6,92532.1,92469.19,92488.016
2024-11-26T11:49:23.565,92458.6,92532.1,92469.18,92488.016
2024-11-26T11:49:23.584,92458.6,92532.1,92469.23,92488.77
2024-11-26T11:49:23.604,92458.6,92532.1,92469.28,92488.78
2024-11-26T11:49:23.624,92458.6,92532.1,92469.28,92489.34
2024-11-26T11:49:23.644,92458.6,92532.1,92469.28,92489.97
2024-11-26T11:49:23.664,92458.6,92532.1,92469.336,92489.94
2024-11-26T11:49:23.684,92458.6,92532.1,92469.305,92489.766
2024-11-26T11:49:23.704,92458.6,92532.1,92469.305,92489.836
2024-11-26T11:49:23.724,92458.6,92532.1,92469.305,92489.82
2024-11-26T11:49:23.744,92458.6,92532.1,92469.3,92489.82
2024-11-26T11:49:23.764,92458.6,92532.1,92469.28,92489.82
2024-11-26T11:49:23.804,92458.6,92532.1,92469.28,92489.836
2024-11-26T11:49:23.824,92458.6,92532.1,92469.28,92489.836
2024-11-26T11:49:23.844,92458.6,92532.1,92469.28,92489.836
2024-11-26T11:49:23.864,92458.6,92532.1,92469.28,92489.84
2024-11-26T11:49:23.884,92458.6,92532.1,92469.28,92489.89
2024-11-26T11:49:23.904,92458.6,92532.1,92469.28,92489.84
2024-11-26T11:49:23.944,92458.6,92532.1,92469.28,92489.97
2024-11-26T11:49:23.964,92458.6,92532.1,92471.4,92490.09
2024-11-26T11:49:23.984,92458.6,92532.1,92478.98,92495.07
2024-11-26T11:49:24.004,92458.6,92532.1,92483.78,92495.84
2024-11-26T11:49:24.024,92458.6,92532.1,92484.54,92498.1
2024-11-26T11:49:24.044,92458.6,92532.1,92486.92,92499.63
2024-11-26T11:49:24.064,92458.6,92532.1,92490.1,92500.96
2024-11-26T11:49:24.084,92458.6,92532.1,92491.05,92502.05
2024-11-26T11:49:24.104,92458.6,92532.1,92490.375,92501.3
2024-11-26T11:49:24.124,92458.6,92532.1,92489.24,92501.25
2024-11-26T11:49:24.144,92458.6,92532.1,92487.72,92500.71
2024-11-26T11:49:24.164,92458.6,92532.1,92486.38,92500.6
2024-11-26T11:49:24.184,92458.6,92532.1,92486.29,92500.664
2024-11-26T11:49:24.204,92458.6,92532.1,92486.445,92501.375
2024-11-26T11:49:24.224,92458.6,92532.1,92486.59,92501.4
2024-11-26T11:49:24.244,92458.6,92532.1,92486.555,92501.58
2024-11-26T11:49:24.264,92458.6,92532.1,92494.336,92502.49
2024-11-26T11:49:24.284,92458.6,92532.1,92491.53,92503.09
2024-11-26T11:49:24.304,92458.6,92532.1,92491.484,92506.02
2024-11-26T11:49:24.324,92458.6,92532.1,92491.41,92506.07
2024-11-26T11:49:24.344,92458.6,92532.1,92492.83,92506.78
2024-11-26T11:49:24.364,92458.6,92532.1,92492.305,92507.12
2024-11-26T11:49:24.384,92458.6,92532.1,92491.92,92507.766
2024-11-26T11:49:24.404,92458.6,92532.1,92491.875,92507.836
2024-11-26T11:49:24.424,92458.6,92532.1,92493.03,92507.836
2024-11-26T11:49:24.444,92458.6,92532.1,92492.57,92507.836
2024-11-26T11:49:24.464,92458.6,92532.1,92492.25,92507.86
2024-11-26T11:49:24.484,92458.6,92532.1,92493.305,92507.87
2024-11-26T11:49:24.504,92458.6,92532.1,92493.695,92507.45
2024-11-26T11:49:24.524,92458.6,92532.1,92492.73,92507.42
2024-11-26T11:49:24.544,92458.6,92532.1,92493.24,92507.42
2024-11-26T11:49:24.564,92458.6,92532.1,92492.94,92507.125
2024-11-26T11:49:24.584,92458.6,92532.1,92492.82,92506.12
2024-11-26T11:49:24.604,92458.6,92532.1,92492.07,92506.52
2024-11-26T11:49:24.624,92458.6,92532.1,92493.914,92506.945
2024-11-26T11:49:24.644,92458.6,92532.1,92494.06,92507.02
2024-11-26T11:49:24.664,92458.6,92532.1,92493.94,92507.336
2024-11-26T11:49:24.704,92458.6,92532.1,92493.94,92507.3
2024-11-26T11:49:24.724,92458.6,92532.1,92493.83,92507.35
2024-11-26T11:49:24.745,92458.6,92532.1,92493.83,92507.44
2024-11-26T11:49:24.764,92458.6,92532.1,92493.74,92507.43
2024-11-26T11:49:24.785,92458.6,92532.1,92493.8,92507.43
2024-11-26T11:49:24.804,92458.6,92532.1,92492.71,92507.52
2024-11-26T11:49:24.824,92458.6,92532.1,92491.21,92507.8
2024-11-26T11:49:24.844,92458.6,92532.1,92490.75,92508.16
2024-11-26T11:49:24.864,92458.6,92532.1,92490.71,92507.914
2024-11-26T11:49:24.884,92458.6,92532.1,92490.86,92507.914
2024-11-26T11:49:24.904,92458.6,92532.1,92490.74,92507.914
2024-11-26T11:49:24.924,92458.6,92532.1,92490.73,92508.19
2024-11-26T11:49:24.944,92458.6,92532.1,92490.73,92508.17
2024-11-26T11:49:24.964,92458.6,92532.1,92490.72,92508.13
2024-11-26T11:49:24.984,92458.6,92532.1,92490.81,92507.86
2024-11-26T11:49:25.004,92458.6,92532.1,92490.53,92507.86
2024-11-26T11:49:25.024,92458.6,92532.1,92490.54,92507.86
2024-11-26T11:49:25.044,92458.6,92532.1,92491.05,92507.766
2024-11-26T11:49:25.064,92458.6,92532.1,92491.05,92507.8
2024-11-26T11:49:25.084,92458.6,92532.1,92491.88,92506.95
2024-11-26T11:49:25.105,92458.6,92532.1,92493.48,92506.93
2024-11-26T11:49:25.124,92458.6,92532.1,92494.21,92507.32
2024-11-26T11:49:25.144,92458.6,92532.1,92494.21,92507.32
2024-11-26T11:49:25.164,92458.6,92532.1,92494.21,92507.46
2024-11-26T11:49:25.184,92458.6,92532.1,92493.93,92507.5
2024-11-26T11:49:25.204,92458.6,92532.1,92492.39,92507.55
2024-11-26T11:49:25.224,92458.6,92532.1,92491.305,92507.55
2024-11-26T11:49:25.244,92458.6,92532.1,92490.97,92507.58
2024-11-26T11:49:25.264,92458.6,92532.1,92495.65,92507.69
2024-11-26T11:49:25.285,92458.6,92532.1,92495.52,92507.75
2024-11-26T11:49:25.304,92458.6,92532.1,92495.52,92507.734
2024-11-26T11:49:25.345,92458.6,92532.1,92495.586,92507.734
2024-11-26T11:49:25.404,92458.6,92532.1,92495.54,92507.81
2024-11-26T11:49:25.424,92458.6,92532.1,92495.54,92507.79
2024-11-26T11:49:25.444,92458.6,92532.1,92495.52,92507.7
2024-11-26T11:49:25.504,92458.6,92532.1,92495.52,92507.82
2024-11-26T11:49:25.524,92458.6,92532.1,92495.54,92507.9
2024-11-26T11:49:25.544,92458.6,92532.1,92495.164,92507.89
2024-11-26T11:49:25.564,92458.6,92532.1,92495.03,92507.88
2024-11-26T11:49:25.585,92458.6,92532.1,92495.36,92507.88
2024-11-26T11:49:25.604,92458.6,92532.1,92495.58,92507.88
2024-11-26T11:49:25.644,92458.6,92532.1,92500.68,92513.06
2024-11-26T11:49:25.664,92458.6,92532.1,92500.0,92513.984
2024-11-26T11:49:25.684,92458.6,92532.1,92501.96,92514.87
2024-11-26T11:49:25.704,92458.6,92532.1,92507.04,92517.055
2024-11-26T11:49:25.724,92458.6,92532.1,92506.19,92519.95
2024-11-26T11:49:25.744,92458.6,92532.1,92503.586,92520.016
2024-11-26T11:49:25.764,92458.6,92532.1,92510.32,92520.39
2024-11-26T11:49:25.784,92458.6,92532.1,92515.14,92522.77
2024-11-26T11:49:25.804,92458.6,92532.1,92516.84,92526.0
2024-11-26T11:49:25.824,92458.6,92532.1,92519.67,92527.19
2024-11-26T11:49:25.844,92458.6,92532.8,92522.31,92528.06
2024-11-26T11:49:25.864,92458.6,92534.0,92523.86,92530.086
2024-11-26T11:49:25.884,92458.6,92534.0,92521.055,92530.21
2024-11-26T11:49:25.904,92458.6,92534.6,92520.72,92531.13
2024-11-26T11:49:25.924,92458.6,92534.7,92520.586,92531.03
2024-11-26T11:49:25.944,92458.6,92534.9,92523.6,92533.04
2024-11-26T11:49:25.964,92458.6,92536.7,92523.37,92534.59
2024-11-26T11:49:25.984,92458.6,92540.8,92524.33,92537.9
2024-11-26T11:49:26.004,92458.6,92542.4,92527.55,92538.695
2024-11-26T11:49:26.024,92458.6,92542.4,92525.52,92538.56
2024-11-26T11:49:26.044,92458.6,92542.4,92527.15,92538.7
2024-11-26T11:49:26.064,92458.6,92542.4,92525.09,92538.71
2024-11-26T11:49:26.084,92458.6,92542.4,92524.88,92538.71
2024-11-26T11:49:26.104,92458.6,92543.6,92524.14,92539.41
2024-11-26T11:49:26.124,92458.6,92543.6,92525.734,92538.66
2024-11-26T11:49:26.144,92458.6,92543.6,92521.91,92538.31
2024-11-26T11:49:26.164,92458.6,92543.6,92521.98,92538.31
2024-11-26T11:49:26.184,92458.6,92543.6,92525.914,92538.34
2024-11-26T11:49:26.204,92458.6,92543.7,92526.234,92538.56
2024-11-26T11:49:26.224,92458.6,92543.7,92522.75,92537.875
2024-11-26T11:49:26.244,92458.6,92543.7,92522.43,92537.67
2024-11-26T11:49:26.264,92458.6,92543.7,92522.76,92537.01
2024-11-26T11:49:26.284,92458.6,92543.7,92522.42,92536.77
2024-11-26T11:49:26.304,92458.6,92543.7,92522.47,92537.016
2024-11-26T11:49:26.324,92458.6,92543.7,92522.46,92537.016
2024-11-26T11:49:26.345,92458.6,92543.7,92519.445,92536.99
2024-11-26T11:49:26.364,92458.6,92543.7,92520.06,92536.984
2024-11-26T11:49:26.384,92458.6,92543.7,92519.84,92537.39
2024-11-26T11:49:26.424,92458.6,92543.7,92522.19,92536.945
2024-11-26T11:49:26.445,92458.6,92543.7,92522.19,92536.11
2024-11-26T11:49:26.465,92458.6,92543.7,92522.55,92536.16
2024-11-26T11:49:26.484,92458.6,92543.7,92520.89,92536.03
2024-11-26T11:49:26.504,92458.6,92543.7,92520.89,92535.97
2024-11-26T11:49:26.525,92458.6,92543.7,92518.68,92535.97
2024-11-26T11:49:26.544,92458.6,92543.7,92518.47,92536.195
2024-11-26T11:49:26.564,92458.6,92543.7,92518.47,92536.15
2024-11-26T11:49:26.585,92458.6,92543.7,92518.47,92536.04
2024-11-26T11:49:26.604,92458.6,92543.7,92518.47,92536.4
2024-11-26T11:49:26.624,92458.6,92543.7,92520.984,92536.4
2024-11-26T11:49:26.644,92458.6,92543.7,92520.97,92536.4
2024-11-26T11:49:26.664,92458.6,92543.7,92522.086,92536.39
2024-11-26T11:49:26.684,92458.6,92543.7,92521.984,92536.4
2024-11-26T11:49:26.704,92458.6,92543.7,92521.984,92536.4
2024-11-26T11:49:26.724,92458.6,92543.7,92522.125,92536.4
2024-11-26T11:49:26.744,92458.6,92543.7,92522.125,92536.37
2024-11-26T11:49:26.764,92458.6,92543.7,92523.39,92536.46
2024-11-26T11:49:26.784,92458.6,92543.7,92523.5,92536.46
2024-11-26T11:49:26.804,92458.6,92543.7,92523.5,92536.47
2024-11-26T11:49:26.844,92458.6,92543.7,92523.5,92536.47
2024-11-26T11:49:26.884,92458.6,92543.7,92523.51,92536.37
2024-11-26T11:49:26.924,92458.6,92543.7,92523.51,92536.37
2024-11-26T11:49:26.964,92458.6,92543.7,92523.61,92536.58
2024-11-26T11:49:26.984,92458.6,92543.7,92523.3,92536.59
2024-11-26T11:49:27.004,92458.6,92543.7,92523.3,92536.586
2024-11-26T11:49:27.024,92458.6,92543.7,92523.3,92536.57
2024-11-26T11:49:27.044,92458.6,92543.7,92523.3,92536.57
2024-11-26T11:49:27.064,92458.6,92543.7,92523.19,92536.55
2024-11-26T11:49:27.084,92458.6,92543.7,92512.49,92534.23
2024-11-26T11:49:27.104,92458.6,92543.7,92512.21,92527.36
2024-11-26T11:49:27.124,92458.6,92543.7,92506.734,92524.45
2024-11-26T11:49:27.144,92458.6,92543.7,92505.88,92524.43
2024-11-26T11:49:27.164,92458.6,92543.7,92503.37,92522.28
2024-11-26T11:49:27.184,92458.6,92543.7,92503.55,92516.55
2024-11-26T11:49:27.204,92458.6,92543.7,92498.06,92517.05
2024-11-26T11:49:27.224,92458.6,92543.7,92498.83,92517.305
2024-11-26T11:49:27.244,92458.6,92543.7,92499.36,92518.39
2024-11-26T11:49:27.264,92458.6,92543.7,92498.47,92513.875
2024-11-26T11:49:27.284,92458.6,92543.7,92497.305,92517.28
2024-11-26T11:49:27.304,92458.6,92543.7,92499.41,92518.88
2024-11-26T11:49:27.324,92458.6,92543.7,92495.63,92518.17
2024-11-26T11:49:27.344,92458.6,92543.7,92495.63,92517.99
2024-11-26T11:49:27.364,92458.6,92543.7,92494.88,92518.01
2024-11-26T11:49:27.384,92458.6,92543.7,92494.9,92517.94
2024-11-26T11:49:27.404,92458.6,92543.7,92494.99,92517.99
2024-11-26T11:49:27.424,92458.6,92543.7,92493.7,92511.95
2024-11-26T11:49:27.444,92458.6,92543.7,92492.09,92509.766
2024-11-26T11:49:27.464,92458.6,92543.7,92491.11,92508.3
2024-11-26T11:49:27.484,92458.6,92543.7,92490.05,92506.97
2024-11-26T11:49:27.504,92458.6,92543.7,92489.98,92504.52
2024-11-26T11:49:27.524,92458.6,92543.7,92486.086,92506.07
2024-11-26T11:49:27.544,92458.6,92543.7,92485.96,92508.14
2024-11-26T11:49:27.564,92458.6,92543.7,92485.65,92504.82
2024-11-26T11:49:27.584,92458.6,92543.7,92487.61,92507.62
2024-11-26T11:49:27.604,92458.6,92543.7,92488.42,92507.96
2024-11-26T11:49:27.624,92458.6,92543.7,92489.04,92506.47
2024-11-26T11:49:27.644,92458.6,92543.7,92489.9,92507.05
2024-11-26T11:49:27.664,92458.6,92543.7,92490.32,92507.84
2024-11-26T11:49:27.684,92458.6,92543.7,92490.055,92505.92
2024-11-26T11:49:27.704,92458.6,92543.7,92492.89,92505.22
2024-11-26T11:49:27.724,92458.6,92543.7,92492.055,92504.79
2024-11-26T11:49:27.744,92458.6,92543.7,92489.11,92504.805
2024-11-26T11:49:27.764,92458.6,92543.7,92489.16,92505.45
2024-11-26T11:49:27.784,92458.6,92543.7,92489.37,92505.664
2024-11-26T11:49:27.804,92458.6,92543.7,92489.13,92505.41
2024-11-26T11:49:27.825,92458.6,92543.7,92489.03,92505.14
2024-11-26T11:49:27.845,92458.6,92543.7,92488.7,92505.05
2024-11-26T11:49:27.864,92458.6,92543.7,92488.54,92504.86
2024-11-26T11:49:27.885,92458.6,92543.7,92488.22,92504.9
2024-11-26T11:49:27.904,92458.6,92543.7,92487.97,92504.914
2024-11-26T11:49:27.944,92458.6,92543.7,92487.52,92504.914
2024-11-26T11:49:27.964,92458.6,92543.7,92486.695,92504.914
2024-11-26T11:49:27.984,92458.6,92543.7,92484.766,92504.945
2024-11-26T11:49:28.004,92458.6,92543.7,92482.84,92500.27
2024-11-26T11:49:28.024,92458.6,92543.7,92481.984,92496.28
2024-11-26T11:49:28.044,92458.6,92543.7,92481.51,92497.42
2024-11-26T11:49:28.064,92458.6,92543.7,92479.945,92497.7
2024-11-26T11:49:28.084,92458.6,92543.7,92481.164,92497.48
2024-11-26T11:49:28.104,92458.6,92543.7,92479.72,92497.32
2024-11-26T11:49:28.125,92458.6,92543.7,92479.625,92497.305
2024-11-26T11:49:28.144,92458.6,92543.7,92479.28,92497.65
2024-11-26T11:49:28.164,92458.6,92543.7,92477.18,92498.14
2024-11-26T11:49:28.184,92458.6,92543.7,92477.25,92498.516
2024-11-26T11:49:28.211,92458.6,92543.7,92477.51,92498.58
2024-11-26T11:49:28.224,92458.6,92543.7,92477.46,92498.586
2024-11-26T11:49:28.244,92458.6,92543.7,92477.42,92498.59
2024-11-26T11:49:28.264,92458.6,92543.7,92477.29,92498.96
2024-11-26T11:49:28.284,92458.6,92543.7,92477.29,92498.85
2024-11-26T11:49:28.304,92458.6,92543.7,92477.51,92498.5
2024-11-26T11:49:28.324,92458.6,92543.7,92477.51,92498.51
2024-11-26T11:49:28.344,92458.6,92543.7,92477.38,92498.9
2024-11-26T11:49:28.364,92458.6,92543.7,92477.85,92498.625
2024-11-26T11:49:28.384,92458.6,92543.7,92475.43,92497.445
2024-11-26T11:49:28.404,92458.6,92543.7,92473.83,92491.75
2024-11-26T11:49:28.424,92458.6,92543.7,92474.01,92488.08
2024-11-26T11:49:28.445,92458.6,92543.7,92462.414,92483.08
2024-11-26T11:49:28.464,92455.1,92543.7,92457.08,92475.82
2024-11-26T11:49:28.484,92454.2,92543.7,92457.16,92472.13
2024-11-26T11:49:28.504,92451.6,92543.7,92457.26,92471.43
2024-11-26T11:49:28.524,92450.5,92543.7,92457.055,92470.74
2024-11-26T11:49:28.544,92450.0,92543.7,92454.734,92470.93
2024-11-26T11:49:28.564,92450.0,92543.7,92454.695,92471.49
2024-11-26T11:49:28.584,92450.0,92543.7,92457.44,92472.06
2024-11-26T11:49:28.604,92450.0,92543.7,92455.9,92468.42
2024-11-26T11:49:28.624,92447.4,92543.7,92454.33,92465.89
2024-11-26T11:49:28.644,92447.4,92543.7,92454.28,92467.39
2024-11-26T11:49:28.664,92446.8,92543.7,92454.38,92467.875
2024-11-26T11:49:28.684,92446.8,92543.7,92454.38,92467.97
2024-11-26T11:49:28.704,92446.8,92543.7,92454.41,92466.35
2024-11-26T11:49:28.724,92446.8,92543.7,92455.11,92465.74
2024-11-26T11:49:28.744,92446.8,92543.7,92455.29,92465.94
2024-11-26T11:49:28.764,92446.8,92543.7,92455.38,92466.85
2024-11-26T11:49:28.785,92446.8,92543.7,92455.37,92467.81
2024-11-26T11:49:28.804,92446.8,92543.7,92455.375,92467.93
2024-11-26T11:49:28.825,92446.8,92543.7,92455.4,92468.164
2024-11-26T11:49:28.845,92446.8,92543.7,92455.42,92468.164
2024-11-26T11:49:28.864,92446.8,92543.7,92455.42,92468.17
2024-11-26T11:49:28.885,92446.8,92543.7,92455.42,92468.17
2024-11-26T11:49:28.904,92446.8,92543.7,92455.42,92468.17
2024-11-26T11:49:28.924,92446.8,92543.7,92455.42,92468.19
2024-11-26T11:49:28.944,92446.8,92543.7,92455.445,92470.37
2024-11-26T11:49:28.964,92446.8,92543.7,92456.44,92472.836
2024-11-26T11:49:28.984,92446.8,92543.7,92458.78,92474.555
2024-11-26T11:49:29.004,92446.8,92543.7,92457.29,92474.32
2024-11-26T11:49:29.024,92446.8,92543.7,92457.305,92474.57
2024-11-26T11:49:29.044,92446.8,92543.7,92457.3,92474.625
2024-11-26T11:49:29.064,92446.8,92543.7,92457.3,92474.31
2024-11-26T11:49:29.084,92446.8,92543.7,92457.3,92474.37
2024-11-26T11:49:29.104,92446.8,92543.7,92459.43,92474.74
2024-11-26T11:49:29.124,92446.8,92543.7,92459.625,92474.74
2024-11-26T11:49:29.144,92446.8,92543.7,92459.73,92474.11
2024-11-26T11:49:29.164,92446.8,92543.7,92459.29,92474.016
2024-11-26T11:49:29.184,92446.8,92543.7,92458.97,92474.016
2024-11-26T11:49:29.204,92446.8,92543.7,92458.54,92473.98
2024-11-26T11:49:29.224,92446.8,92543.7,92458.15,92473.6
2024-11-26T11:49:29.244,92446.8,92543.7,92458.336,92472.49
2024-11-26T11:49:29.264,92446.8,92543.7,92458.27,92472.02
2024-11-26T11:49:29.284,92446.8,92543.7,92458.13,92472.02
2024-11-26T11:49:29.304,92446.8,92543.7,92458.23,92472.055
2024-11-26T11:49:29.324,92446.8,92543.7,92457.97,92472.484
2024-11-26T11:49:29.344,92446.8,92543.7,92458.016,92472.87
2024-11-26T11:49:29.364,92446.8,92543.7,92458.03,92473.53
2024-11-26T11:49:29.384,92446.8,92543.7,92458.03,92473.67
2024-11-26T11:49:29.404,92446.8,92543.7,92458.03,92473.71
2024-11-26T11:49:29.424,92446.8,92543.7,92457.94,92469.52
2024-11-26T11:49:29.444,92446.8,92543.7,92458.17,92472.45
2024-11-26T11:49:29.465,92446.8,92543.7,92458.55,92473.0
2024-11-26T11:49:29.484,92446.8,92543.7,92458.555,92473.15
2024-11-26T11:49:29.504,92446.8,92543.7,92458.57,92473.26
2024-11-26T11:49:29.524,92446.8,92543.7,92458.62,92474.36
2024-11-26T11:49:29.544,92446.8,92543.7,92458.64,92474.83
2024-11-26T11:49:29.564,92446.8,92543.7,92459.18,92474.79
2024-11-26T11:49:29.584,92446.8,92543.7,92458.89,92474.58
2024-11-26T11:49:29.604,92446.8,92543.7,92458.9,92474.445
2024-11-26T11:49:29.624,92446.8,92543.7,92459.016,92475.23
2024-11-26T11:49:29.644,92446.8,92543.7,92459.01,92475.375
2024-11-26T11:49:29.664,92446.8,92543.7,92459.01,92475.1
2024-11-26T11:49:29.684,92446.8,92543.7,92459.12,92475.69
2024-11-26T11:49:29.704,92446.8,92543.7,92459.516,92475.87
2024-11-26T11:49:29.724,92446.8,92543.7,92459.27,92476.23
2024-11-26T11:49:29.744,92446.8,92543.7,92459.27,92476.23
2024-11-26T11:49:29.764,92446.8,92543.7,92459.27,92476.47
2024-11-26T11:49:29.784,92446.8,92543.7,92463.19,92476.52
2024-11-26T11:49:29.804,92446.8,92543.7,92461.0,92476.54
2024-11-26T11:49:29.824,92446.8,92543.7,92460.195,92476.54
2024-11-26T11:49:29.844,92446.8,92543.7,92460.086,92476.2
2024-11-26T11:49:29.864,92446.8,92543.7,92459.96,92475.875
2024-11-26T11:49:29.884,92446.8,92543.7,92459.75,92476.11
2024-11-26T11:49:29.904,92446.8,92543.7,92459.73,92476.06
2024-11-26T11:49:29.925,92446.8,92543.7,92459.805,92476.06
2024-11-26T11:49:29.944,92446.8,92543.7,92459.59,92475.93
2024-11-26T11:49:29.964,92446.8,92543.7,92459.16,92475.93
2024-11-26T11:49:29.985,92446.8,92543.7,92459.086,92475.94
2024-11-26T11:49:30.004,92446.8,92543.7,92459.086,92476.14
2024-11-26T11:49:30.025,92446.8,92543.7,92459.086,92476.13
2024-11-26T11:49:30.044,92446.8,92543.7,92459.086,92475.75
2024-11-26T11:49:30.064,92446.8,92543.7,92459.19,92476.55
2024-11-26T11:49:30.084,92446.8,92543.7,92459.195,92476.34
2024-11-26T11:49:30.104,92446.8,92543.7,92459.13,92476.34
2024-11-26T11:49:30.124,92446.8,92543.7,92459.13,92476.09
2024-11-26T11:49:30.144,92446.8,92543.7,92459.02,92475.75
2024-11-26T11:49:30.164,92446.8,92543.7,92459.01,92475.414
2024-11-26T11:49:30.185,92446.8,92543.7,92458.97,92475.984
2024-11-26T11:49:30.204,92446.8,92543.7,92459.086,92475.99
2024-11-26T11:49:30.224,92446.8,92543.7,92458.96,92476.07
2024-11-26T11:49:30.244,92446.8,92543.7,92458.78,92476.055
2024-11-26T11:49:30.264,92446.8,92543.7,92459.19,92476.055
2024-11-26T11:49:30.284,92446.8,92543.7,92459.2,92476.04
2024-11-26T11:49:30.304,92446.8,92543.7,92459.2,92476.02
2024-11-26T11:49:30.365,92446.8,92543.7,92459.3,92476.34
2024-11-26T11:49:30.385,92446.8,92543.7,92459.25,92475.555
2024-11-26T11:49:30.404,92446.8,92543.7,92459.15,92476.055
2024-11-26T11:49:30.424,92446.8,92543.7,92459.21,92476.53
2024-11-26T11:49:30.444,92446.8,92543.7,92459.34,92476.14
2024-11-26T11:49:30.464,92446.8,92543.7,92459.19,92476.414
2024-11-26T11:49:30.484,92446.8,92543.7,92459.49,92476.33
2024-11-26T11:49:30.504,92446.8,92543.7,92459.61,92476.33
2024-11-26T11:49:30.524,92446.8,92543.7,92459.61,92476.05
2024-11-26T11:49:30.544,92446.8,92543.7,92459.79,92476.25
2024-11-26T11:49:30.564,92446.8,92543.7,92459.66,92475.77
2024-11-26T11:49:30.584,92446.8,92543.7,92459.64,92475.375
2024-11-26T11:49:30.604,92446.8,92543.7,92459.555,92475.375
2024-11-26T11:49:30.624,92446.8,92543.7,92459.66,92475.8
2024-11-26T11:49:30.644,92446.8,92543.7,92459.664,92476.02
2024-11-26T11:49:30.664,92446.8,92543.7,92459.664,92476.16
2024-11-26T11:49:30.684,92446.8,92543.7,92460.09,92476.24
2024-11-26T11:49:30.704,92446.8,92543.7,92460.195,92476.34
2024-11-26T11:49:30.724,92446.8,92543.7,92460.09,92476.21
