server_time,best_bid_price,best_ask_price,avg_buy_price,avg_sell_price
2024-11-26T11:02:59.586,93724.6,93755.1,93733.164,93746.94
2024-11-26T11:02:59.604,93724.6,93755.1,93732.62,93746.75
2024-11-26T11:02:59.624,93724.6,93755.1,93732.62,93746.85
2024-11-26T11:02:59.644,93724.6,93755.1,93732.31,93746.914
2024-11-26T11:02:59.665,93724.6,93755.1,93732.11,93746.85
2024-11-26T11:02:59.684,93724.6,93755.1,93732.91,93747.055
2024-11-26T11:02:59.704,93724.6,93755.1,93732.734,93747.734
2024-11-26T11:02:59.724,93724.6,93755.1,93732.98,93747.94
2024-11-26T11:02:59.744,93724.6,93755.1,93732.99,93748.375
2024-11-26T11:02:59.764,93724.6,93755.1,93732.97,93748.87
2024-11-26T11:02:59.784,93724.6,93755.1,93732.97,93748.75
2024-11-26T11:02:59.844,93724.6,93755.1,93732.89,93748.74
2024-11-26T11:02:59.864,93724.6,93755.1,93732.914,93748.85
2024-11-26T11:02:59.924,93724.6,93755.1,93732.89,93748.85
2024-11-26T11:02:59.964,93724.6,93755.1,93732.89,93748.984
2024-11-26T11:02:59.984,93724.6,93755.1,93732.914,93748.984
2024-11-26T11:03:00.004,93724.6,93755.1,93732.9,93748.984
2024-11-26T11:03:00.044,93724.6,93755.1,93732.88,93749.68
2024-11-26T11:03:00.064,93724.6,93755.2,93736.36,93750.03
2024-11-26T11:03:00.084,93724.6,93755.2,93735.79,93749.164
2024-11-26T11:03:00.104,93724.6,93755.2,93734.19,93747.51
2024-11-26T11:03:00.124,93724.6,93755.2,93733.664,93747.51
2024-11-26T11:03:00.145,93724.6,93755.2,93734.29,93747.57
2024-11-26T11:03:00.165,93724.6,93755.2,93734.35,93748.02
2024-11-26T11:03:00.184,93724.6,93755.5,93734.31,93748.234
2024-11-26T11:03:00.204,93724.6,93755.5,93734.945,93748.24
2024-11-26T11:03:00.224,93724.6,93755.7,93734.93,93750.0
2024-11-26T11:03:00.244,93724.6,93756.4,93738.22,93751.12
2024-11-26T11:03:00.265,93724.6,93756.5,93735.69,93751.19
2024-11-26T11:03:00.285,93724.6,93756.5,93734.695,93751.19
2024-11-26T11:03:00.304,93724.6,93756.5,93735.83,93751.03
2024-11-26T11:03:00.324,93724.6,93756.5,93735.695,93750.516
2024-11-26T11:03:00.344,93724.6,93756.5,93737.66,93750.52
2024-11-26T11:03:00.364,93724.6,93756.5,93738.32,93750.51
2024-11-26T11:03:00.384,93724.6,93756.5,93737.89,93750.51
2024-11-26T11:03:00.404,93724.6,93756.5,93735.91,93750.234
2024-11-26T11:03:00.424,93724.6,93756.5,93734.21,93750.47
2024-11-26T11:03:00.444,93724.6,93756.5,93732.44,93750.73
2024-11-26T11:03:00.464,93724.6,93756.5,93729.76,93745.54
2024-11-26T11:03:00.484,93724.6,93756.5,93729.14,93746.99
2024-11-26T11:03:00.504,93724.6,93756.5,93729.445,93747.86
2024-11-26T11:03:00.524,93724.6,93756.5,93729.08,93747.76
2024-11-26T11:03:00.544,93724.6,93756.5,93727.89,93737.52
2024-11-26T11:03:00.564,93724.6,93756.5,93728.05,93740.016
2024-11-26T11:03:00.584,93724.6,93756.5,93728.08,93742.44
2024-11-26T11:03:00.604,93720.2,93756.5,93723.67,93743.32
2024-11-26T11:03:00.624,93718.7,93756.5,93721.59,93734.836
2024-11-26T11:03:00.644,93718.5,93756.5,93721.21,93736.27
2024-11-26T11:03:00.664,93717.6,93756.5,93719.81,93737.195
2024-11-26T11:03:00.684,93717.4,93756.5,93719.41,93736.04
2024-11-26T11:03:00.704,93717.4,93756.5,93720.445,93736.69
2024-11-26T11:03:00.724,93717.4,93756.5,93720.42,93738.586
2024-11-26T11:03:00.744,93717.3,93756.5,93721.49,93738.305
2024-11-26T11:03:00.764,93716.9,93756.5,93718.625,93738.234
2024-11-26T11:03:00.784,93715.8,93756.5,93718.88,93732.46
2024-11-26T11:03:00.804,93714.8,93756.5,93718.164,93732.15
2024-11-26T11:03:00.824,93714.8,93756.5,93718.77,93732.35
2024-11-26T11:03:00.844,93714.4,93756.5,93718.69,93733.94
2024-11-26T11:03:00.864,93714.4,93756.5,93719.21,93734.836
2024-11-26T11:03:00.884,93714.4,93756.5,93719.39,93735.445
2024-11-26T11:03:00.904,93714.4,93756.5,93720.29,93735.086
2024-11-26T11:03:00.924,93714.4,93756.5,93720.125,93740.38
2024-11-26T11:03:00.944,93714.4,93756.5,93720.3,93743.28
2024-11-26T11:03:00.964,93714.4,93756.5,93720.3,93743.31
2024-11-26T11:03:00.984,93714.4,93756.5,93726.69,93743.28
2024-11-26T11:03:01.004,93714.4,93756.5,93725.555,93742.14
2024-11-26T11:03:01.025,93714.4,93756.5,93724.5,93739.45
2024-11-26T11:03:01.044,93714.4,93756.5,93724.92,93740.68
2024-11-26T11:03:01.064,93714.4,93756.5,93724.44,93740.79
2024-11-26T11:03:01.085,93714.4,93756.5,93724.945,93740.65
2024-11-26T11:03:01.104,93714.4,93756.5,93723.52,93740.56
2024-11-26T11:03:01.124,93714.4,93756.5,93721.57,93740.53
2024-11-26T11:03:01.144,93714.4,93756.5,93720.305,93740.68
2024-11-26T11:03:01.164,93714.4,93756.5,93719.46,93740.46
2024-11-26T11:03:01.184,93714.4,93756.5,93719.266,93740.42
2024-11-26T11:03:01.204,93714.4,93756.5,93726.85,93742.36
2024-11-26T11:03:01.224,93714.4,93756.5,93726.59,93743.45
2024-11-26T11:03:01.244,93714.4,93756.5,93726.805,93743.45
2024-11-26T11:03:01.264,93714.4,93756.5,93726.82,93743.36
2024-11-26T11:03:01.284,93714.4,93756.5,93728.414,93748.32
2024-11-26T11:03:01.305,93714.4,93778.2,93743.46,93772.26
2024-11-26T11:03:01.324,93714.4,93778.2,93754.21,93770.33
2024-11-26T11:03:01.344,93714.4,93782.7,93758.26,93774.82
2024-11-26T11:03:01.364,93714.4,93784.0,93765.62,93775.945
2024-11-26T11:03:01.385,93714.4,93784.2,93764.59,93774.01
2024-11-26T11:03:01.404,93714.4,93784.2,93764.18,93774.734
2024-11-26T11:03:01.424,93714.4,93784.4,93764.195,93776.03
2024-11-26T11:03:01.444,93714.4,93784.6,93763.51,93777.52
2024-11-26T11:03:01.464,93714.4,93786.3,93767.4,93780.62
2024-11-26T11:03:01.484,93714.4,93788.4,93771.86,93781.11
2024-11-26T11:03:01.504,93714.4,93788.9,93769.45,93782.19
2024-11-26T11:03:01.524,93714.4,93788.9,93769.27,93782.01
2024-11-26T11:03:01.544,93714.4,93788.9,93769.82,93781.17
2024-11-26T11:03:01.564,93714.4,93788.9,93770.516,93781.39
2024-11-26T11:03:01.584,93714.4,93788.9,93770.53,93781.47
2024-11-26T11:03:01.604,93714.4,93788.9,93770.586,93781.51
2024-11-26T11:03:01.624,93714.4,93788.9,93770.65,93782.52
2024-11-26T11:03:01.644,93714.4,93789.0,93774.52,93785.766
2024-11-26T11:03:01.664,93714.4,93790.4,93777.2,93788.35
2024-11-26T11:03:01.684,93714.4,93790.7,93776.766,93788.37
2024-11-26T11:03:01.704,93714.4,93794.9,93781.35,93790.09
2024-11-26T11:03:01.724,93714.4,93794.9,93781.086,93789.78
2024-11-26T11:03:01.744,93714.4,93795.2,93779.516,93789.7
2024-11-26T11:03:01.764,93714.4,93795.3,93779.46,93789.03
2024-11-26T11:03:01.784,93714.4,93795.3,93779.13,93788.85
2024-11-26T11:03:01.804,93714.4,93795.3,93779.25,93788.85
2024-11-26T11:03:01.824,93714.4,93795.3,93772.02,93783.086
2024-11-26T11:03:01.845,93714.4,93795.3,93771.36,93784.72
2024-11-26T11:03:01.865,93714.4,93795.3,93771.414,93785.08
2024-11-26T11:03:01.904,93714.4,93795.3,93771.52,93785.09
2024-11-26T11:03:01.924,93714.4,93795.3,93771.17,93785.09
2024-11-26T11:03:01.944,93714.4,93795.3,93770.76,93784.15
2024-11-26T11:03:01.964,93714.4,93795.3,93771.32,93784.016
2024-11-26T11:03:01.984,93714.4,93795.3,93771.44,93784.07
2024-11-26T11:03:02.004,93714.4,93795.3,93771.53,93785.47
2024-11-26T11:03:02.024,93714.4,93795.3,93771.664,93785.445
2024-11-26T11:03:02.044,93714.4,93795.3,93771.81,93786.76
2024-11-26T11:03:02.064,93714.4,93795.3,93771.67,93786.76
2024-11-26T11:03:02.084,93714.4,93795.3,93771.67,93786.76
2024-11-26T11:03:02.104,93714.4,93795.3,93771.64,93786.76
2024-11-26T11:03:02.124,93714.4,93795.3,93771.64,93787.21
2024-11-26T11:03:02.144,93714.4,93795.3,93771.32,93787.21
2024-11-26T11:03:02.164,93714.4,93795.3,93771.71,93786.22
2024-11-26T11:03:02.184,93714.4,93795.3,93771.6,93786.44
2024-11-26T11:03:02.205,93714.4,93795.3,93771.64,93786.97
2024-11-26T11:03:02.224,93714.4,93795.3,93771.64,93787.3
2024-11-26T11:03:02.244,93714.4,93795.3,93771.25,93786.4
2024-11-26T11:03:02.264,93714.4,93795.3,93771.25,93786.24
2024-11-26T11:03:02.284,93714.4,93795.3,93771.25,93786.2
2024-11-26T11:03:02.304,93714.4,93795.3,93771.24,93786.2
2024-11-26T11:03:02.324,93714.4,93795.3,93771.8,93788.055
2024-11-26T11:03:02.344,93714.4,93795.3,93775.984,93789.31
2024-11-26T11:03:02.364,93714.4,93795.3,93776.66,93791.45
2024-11-26T11:03:02.384,93714.4,93795.3,93779.7,93791.89
2024-11-26T11:03:02.404,93714.4,93795.3,93775.664,93790.664
2024-11-26T11:03:02.424,93714.4,93795.4,93775.375,93789.57
2024-11-26T11:03:02.444,93714.4,93795.6,93775.055,93789.35
2024-11-26T11:03:02.464,93714.4,93795.7,93774.31,93789.39
2024-11-26T11:03:02.484,93714.4,93795.7,93775.04,93789.39
2024-11-26T11:03:02.504,93714.4,93795.7,93775.0,93789.44
2024-11-26T11:03:02.525,93714.4,93795.7,93774.984,93789.44
2024-11-26T11:03:02.544,93714.4,93795.7,93773.64,93789.38
2024-11-26T11:03:02.564,93714.4,93795.7,93774.61,93789.4
2024-11-26T11:03:02.584,93714.4,93795.7,93774.62,93789.4
2024-11-26T11:03:02.605,93714.4,93795.7,93775.195,93789.49
2024-11-26T11:03:02.624,93714.4,93795.7,93774.87,93789.49
2024-11-26T11:03:02.645,93714.4,93795.7,93774.87,93789.55
2024-11-26T11:03:02.665,93714.4,93795.7,93774.88,93789.6
2024-11-26T11:03:02.684,93714.4,93795.7,93774.88,93789.52
2024-11-26T11:03:02.704,93714.4,93795.7,93774.38,93789.38
2024-11-26T11:03:02.725,93714.4,93795.7,93774.37,93789.38
2024-11-26T11:03:02.744,93714.4,93795.7,93775.04,93789.6
2024-11-26T11:03:02.764,93714.4,93795.7,93775.04,93789.4
2024-11-26T11:03:02.784,93714.4,93795.7,93775.0,93789.49
2024-11-26T11:03:02.824,93714.4,93795.7,93774.99,93789.49
2024-11-26T11:03:02.844,93714.4,93795.7,93774.33,93789.37
2024-11-26T11:03:02.864,93714.4,93795.7,93774.37,93789.37
2024-11-26T11:03:02.885,93714.4,93795.7,93774.71,93789.37
2024-11-26T11:03:02.904,93714.4,93795.7,93774.71,93789.31
2024-11-26T11:03:02.925,93714.4,93795.7,93775.88,93789.31
2024-11-26T11:03:02.944,93714.4,93795.7,93775.79,93789.31
2024-11-26T11:03:02.965,93714.4,93795.7,93774.7,93789.36
2024-11-26T11:03:02.984,93714.4,93795.7,93774.7,93789.36
2024-11-26T11:03:03.044,93714.4,93795.7,93775.25,93789.51
2024-11-26T11:03:03.064,93714.4,93798.3,93776.6,93794.77
2024-11-26T11:03:03.084,93714.4,93799.7,93779.19,93796.336
2024-11-26T11:03:03.104,93714.4,93799.7,93779.51,93796.29
2024-11-26T11:03:03.124,93714.4,93800.0,93779.836,93799.36
2024-11-26T11:03:03.144,93714.4,93800.0,93779.18,93798.7
2024-11-26T11:03:03.164,93714.4,93800.0,93780.805,93792.94
2024-11-26T11:03:03.184,93714.4,93800.0,93780.734,93793.0
2024-11-26T11:03:03.204,93714.4,93800.0,93779.92,93792.016
2024-11-26T11:03:03.224,93714.4,93800.0,93779.44,93790.586
2024-11-26T11:03:03.244,93714.4,93800.0,93779.66,93791.375
2024-11-26T11:03:03.264,93714.4,93800.0,93779.48,93793.63
2024-11-26T11:03:03.284,93714.4,93800.0,93779.63,93794.484
2024-11-26T11:03:03.304,93714.4,93800.0,93780.016,93794.484
2024-11-26T11:03:03.324,93714.4,93800.0,93779.914,93794.484
2024-11-26T11:03:03.344,93714.4,93800.0,93780.945,93793.18
2024-11-26T11:03:03.364,93714.4,93800.0,93780.85,93795.28
2024-11-26T11:03:03.404,93714.4,93800.0,93779.87,93794.8
2024-11-26T11:03:03.424,93714.4,93800.0,93779.87,93794.8
2024-11-26T11:03:03.464,93714.4,93800.0,93779.914,93794.8
2024-11-26T11:03:03.484,93714.4,93800.0,93779.91,93794.96
2024-11-26T11:03:03.524,93714.4,93800.0,93779.89,93794.96
2024-11-26T11:03:03.544,93714.4,93802.2,93785.63,93799.414
2024-11-26T11:03:03.564,93714.4,93802.2,93785.414,93799.23
2024-11-26T11:03:03.584,93714.4,93802.2,93785.28,93799.32
2024-11-26T11:03:03.604,93714.4,93802.2,93785.234,93799.36
2024-11-26T11:03:03.624,93714.4,93802.2,93785.234,93799.36
2024-11-26T11:03:03.684,93714.4,93802.2,93785.234,93799.36
2024-11-26T11:03:03.704,93714.4,93802.2,93784.95,93798.5
2024-11-26T11:03:03.725,93714.4,93802.2,93784.516,93798.555
2024-11-26T11:03:03.744,93714.4,93802.2,93784.516,93798.555
2024-11-26T11:03:03.764,93714.4,93802.2,93784.516,93798.555
2024-11-26T11:03:03.784,93714.4,93802.2,93784.43,93798.516
2024-11-26T11:03:03.824,93714.4,93802.2,93784.18,93798.45
2024-11-26T11:03:03.864,93714.4,93802.2,93784.39,93798.516
2024-11-26T11:03:03.904,93714.4,93802.2,93784.39,93798.69
2024-11-26T11:03:03.924,93714.4,93802.2,93784.39,93798.7
2024-11-26T11:03:03.944,93714.4,93802.2,93784.39,93798.89
2024-11-26T11:03:04.004,93714.4,93802.2,93784.75,93798.89
2024-11-26T11:03:04.024,93714.4,93802.4,93785.375,93799.805
2024-11-26T11:03:04.044,93714.4,93803.1,93785.664,93799.84
2024-11-26T11:03:04.064,93714.4,93808.9,93788.4,93800.85
2024-11-26T11:03:04.084,93714.4,93809.3,93790.56,93801.56
2024-11-26T11:03:04.104,93714.4,93809.3,93787.28,93801.09
2024-11-26T11:03:04.124,93714.4,93809.3,93787.45,93801.09
2024-11-26T11:03:04.145,93714.4,93809.3,93788.13,93801.09
2024-11-26T11:03:04.164,93714.4,93809.3,93788.06,93800.805
2024-11-26T11:03:04.184,93714.4,93809.3,93788.11,93800.805
2024-11-26T11:03:04.204,93714.4,93809.3,93787.79,93800.805
2024-11-26T11:03:04.224,93714.4,93809.3,93787.805,93800.8
2024-11-26T11:03:04.244,93714.4,93809.3,93787.76,93800.8
2024-11-26T11:03:04.284,93714.4,93809.3,93787.75,93800.82
2024-11-26T11:03:04.304,93714.4,93809.3,93786.125,93800.83
2024-11-26T11:03:04.324,93714.4,93809.3,93786.125,93801.14
2024-11-26T11:03:04.344,93714.4,93809.3,93786.12,93800.984
2024-11-26T11:03:04.364,93714.4,93809.3,93784.97,93800.81
2024-11-26T11:03:04.384,93714.4,93809.3,93781.42,93797.93
2024-11-26T11:03:04.404,93714.4,93809.3,93781.53,93796.47
2024-11-26T11:03:04.425,93714.4,93809.3,93782.58,93797.12
2024-11-26T11:03:04.444,93714.4,93809.3,93783.4,93798.234
2024-11-26T11:03:04.465,93714.4,93809.3,93781.94,93798.39
2024-11-26T11:03:04.484,93714.4,93809.3,93781.85,93798.39
2024-11-26T11:03:04.504,93714.4,93809.3,93778.164,93798.266
2024-11-26T11:03:04.524,93714.4,93809.3,93779.08,93798.34
2024-11-26T11:03:04.544,93714.4,93809.3,93779.555,93798.35
2024-11-26T11:03:04.564,93714.4,93809.3,93781.125,93798.305
2024-11-26T11:03:04.584,93714.4,93809.3,93781.08,93798.44
2024-11-26T11:03:04.604,93714.4,93809.3,93780.055,93798.41
2024-11-26T11:03:04.624,93714.4,93809.3,93780.1,93798.41
2024-11-26T11:03:04.644,93714.4,93809.3,93779.85,93798.41
2024-11-26T11:03:04.664,93714.4,93809.3,93779.84,93798.414
2024-11-26T11:03:04.724,93714.4,93809.3,93778.375,93798.41
2024-11-26T11:03:04.744,93714.4,93809.3,93778.34,93798.4
2024-11-26T11:03:04.764,93714.4,93809.3,93777.08,93798.26
2024-11-26T11:03:04.784,93714.4,93809.3,93776.58,93795.945
2024-11-26T11:03:04.804,93714.4,93809.3,93776.68,93796.555
2024-11-26T11:03:04.824,93714.4,93809.3,93776.695,93797.16
2024-11-26T11:03:04.844,93714.4,93809.3,93775.14,93793.734
2024-11-26T11:03:04.864,93714.4,93809.3,93776.74,93793.64
2024-11-26T11:03:04.884,93714.4,93809.3,93776.79,93795.625
2024-11-26T11:03:04.904,93714.4,93809.3,93776.55,93793.234
2024-11-26T11:03:04.924,93714.4,93809.3,93776.55,93795.836
2024-11-26T11:03:04.944,93714.4,93809.3,93776.55,93796.01
2024-11-26T11:03:04.964,93714.4,93809.3,93776.586,93796.016
2024-11-26T11:03:04.985,93714.4,93809.3,93775.95,93796.195
2024-11-26T11:03:05.004,93714.4,93809.3,93775.95,93796.305
2024-11-26T11:03:05.024,93714.4,93809.3,93773.125,93793.6
2024-11-26T11:03:05.044,93714.4,93809.3,93773.39,93797.11
2024-11-26T11:03:05.064,93714.4,93809.3,93774.39,93797.516
2024-11-26T11:03:05.084,93714.4,93809.3,93774.91,93796.47
2024-11-26T11:03:05.104,93714.4,93809.3,93772.17,93796.23
2024-11-26T11:03:05.124,93714.4,93809.3,93771.74,93792.945
2024-11-26T11:03:05.144,93714.4,93809.3,93774.87,93794.01
2024-11-26T11:03:05.164,93714.4,93809.3,93774.875,93794.94
2024-11-26T11:03:05.184,93714.4,93809.3,93775.086,93794.94
2024-11-26T11:03:05.204,93714.4,93809.3,93775.3,93794.945
2024-11-26T11:03:05.225,93714.4,93809.3,93775.62,93794.945
2024-11-26T11:03:05.244,93714.4,93809.3,93775.24,93794.85
2024-11-26T11:03:05.264,93714.4,93809.3,93775.12,93794.945
2024-11-26T11:03:05.284,93714.4,93809.3,93775.445,93796.34
2024-11-26T11:03:05.304,93714.4,93809.3,93775.484,93796.35
2024-11-26T11:03:05.324,93714.4,93809.3,93775.51,93796.57
2024-11-26T11:03:05.344,93714.4,93809.3,93775.51,93797.305
2024-11-26T11:03:05.364,93714.4,93809.3,93775.94,93798.24
2024-11-26T11:03:05.384,93714.4,93809.3,93776.85,93798.32
2024-11-26T11:03:05.404,93714.4,93809.3,93779.016,93798.71
2024-11-26T11:03:05.424,93714.4,93809.3,93778.84,93798.945
2024-11-26T11:03:05.444,93714.4,93809.3,93778.625,93798.945
2024-11-26T11:03:05.464,93714.4,93809.3,93778.61,93798.945
2024-11-26T11:03:05.484,93714.4,93809.3,93778.445,93798.94
2024-11-26T11:03:05.504,93714.4,93809.3,93778.34,93798.9
2024-11-26T11:03:05.524,93714.4,93809.3,93778.18,93798.88
2024-11-26T11:03:05.544,93714.4,93809.3,93778.18,93798.68
2024-11-26T11:03:05.564,93714.4,93809.3,93778.15,93798.58
2024-11-26T11:03:05.584,93714.4,93809.3,93778.18,93798.26
2024-11-26T11:03:05.604,93714.4,93809.3,93778.18,93798.29
2024-11-26T11:03:05.624,93714.4,93809.3,93778.016,93797.96
2024-11-26T11:03:05.644,93714.4,93809.3,93777.98,93798.16
2024-11-26T11:03:05.664,93714.4,93809.3,93777.945,93798.35
2024-11-26T11:03:05.684,93714.4,93809.3,93778.0,93798.35
2024-11-26T11:03:05.704,93714.4,93809.3,93778.0,93798.305
2024-11-26T11:03:05.724,93714.4,93809.3,93777.99,93798.32
2024-11-26T11:03:05.744,93714.4,93809.3,93777.99,93798.62
2024-11-26T11:03:05.764,93714.4,93809.3,93778.0,93798.81
2024-11-26T11:03:05.784,93714.4,93809.3,93778.02,93798.7
2024-11-26T11:03:05.804,93714.4,93809.3,93777.94,93798.766
2024-11-26T11:03:05.824,93714.4,93809.3,93783.82,93798.984
2024-11-26T11:03:05.844,93714.4,93809.3,93777.69,93798.81
2024-11-26T11:03:05.864,93714.4,93809.3,93776.84,93798.19
2024-11-26T11:03:05.885,93714.4,93809.3,93776.336,93798.25
2024-11-26T11:03:05.904,93714.4,93809.3,93777.2,93798.34
2024-11-26T11:03:05.925,93714.4,93809.3,93777.39,93798.34
2024-11-26T11:03:05.944,93714.4,93809.3,93779.22,93799.12
2024-11-26T11:03:05.964,93714.4,93809.3,93786.586,93799.484
2024-11-26T11:03:05.984,93714.4,93809.3,93788.484,93799.6
2024-11-26T11:03:06.004,93714.4,93809.3,93788.266,93799.68
2024-11-26T11:03:06.024,93714.4,93809.3,93790.36,93799.76
2024-11-26T11:03:06.044,93714.4,93809.3,93788.8,93800.17
2024-11-26T11:03:06.064,93714.4,93809.3,93789.44,93800.125
2024-11-26T11:03:06.084,93714.4,93809.3,93787.805,93800.03
2024-11-26T11:03:06.105,93714.4,93809.3,93784.54,93799.83
2024-11-26T11:03:06.125,93714.4,93809.3,93783.99,93799.81
2024-11-26T11:03:06.144,93714.4,93809.3,93784.82,93799.945
2024-11-26T11:03:06.164,93714.4,93809.3,93783.88,93799.9
2024-11-26T11:03:06.184,93714.4,93809.3,93783.805,93799.89
2024-11-26T11:03:06.204,93714.4,93809.3,93783.97,93799.89
2024-11-26T11:03:06.224,93714.4,93809.3,93783.67,93799.9
2024-11-26T11:03:06.244,93714.4,93809.3,93783.61,93799.9
2024-11-26T11:03:06.265,93714.4,93809.3,93783.64,93799.89
2024-11-26T11:03:06.284,93714.4,93809.3,93782.28,93799.89
2024-11-26T11:03:06.304,93714.4,93809.3,93779.8,93799.87
2024-11-26T11:03:06.324,93714.4,93809.3,93778.805,93797.625
2024-11-26T11:03:06.344,93714.4,93809.3,93776.21,93796.25
2024-11-26T11:03:06.364,93714.4,93809.3,93776.73,93796.0
2024-11-26T11:03:06.384,93714.4,93809.3,93776.91,93795.78
2024-11-26T11:03:06.404,93714.4,93809.3,93774.54,93796.13
2024-11-26T11:03:06.424,93714.4,93809.3,93774.73,93797.1
2024-11-26T11:03:06.444,93714.4,93809.3,93776.164,93797.1
2024-11-26T11:03:06.464,93714.4,93809.3,93777.38,93797.055
2024-11-26T11:03:06.484,93714.4,93809.3,93777.07,93797.055
2024-11-26T11:03:06.504,93714.4,93809.3,93777.09,93797.086
2024-11-26T11:03:06.524,93714.4,93809.3,93777.05,93797.24
2024-11-26T11:03:06.545,93714.4,93809.3,93777.02,93797.24
2024-11-26T11:03:06.564,93714.4,93809.3,93776.99,93797.56
2024-11-26T11:03:06.584,93714.4,93809.3,93777.19,93798.35
2024-11-26T11:03:06.604,93714.4,93809.3,93777.17,93799.26
2024-11-26T11:03:06.624,93714.4,93809.3,93780.25,93799.43
2024-11-26T11:03:06.644,93714.4,93809.3,93787.08,93800.18
2024-11-26T11:03:06.664,93714.4,93809.3,93783.17,93799.914
2024-11-26T11:03:06.684,93714.4,93809.3,93780.05,93797.49
2024-11-26T11:03:06.704,93714.4,93809.3,93778.336,93797.5
2024-11-26T11:03:06.724,93714.4,93809.3,93782.0,93798.914
2024-11-26T11:03:06.745,93714.4,93809.3,93782.164,93798.95
2024-11-26T11:03:06.765,93714.4,93809.3,93782.22,93798.805
2024-11-26T11:03:06.784,93714.4,93809.3,93781.695,93799.164
2024-11-26T11:03:06.804,93714.4,93809.3,93782.26,93799.33
2024-11-26T11:03:06.824,93714.4,93809.3,93782.055,93799.33
2024-11-26T11:03:06.845,93714.4,93809.3,93782.16,93799.26
2024-11-26T11:03:06.864,93714.4,93809.3,93782.82,93799.07
2024-11-26T11:03:06.885,93714.4,93809.3,93783.26,93799.0
2024-11-26T11:03:06.904,93714.4,93809.3,93783.26,93798.99
2024-11-26T11:03:06.924,93714.4,93809.3,93783.29,93799.016
2024-11-26T11:03:06.945,93714.4,93809.3,93782.73,93799.016
2024-11-26T11:03:06.984,93714.4,93809.3,93782.73,93799.05
2024-11-26T11:03:07.004,93714.4,93809.3,93783.07,93799.04
2024-11-26T11:03:07.024,93714.4,93809.3,93788.26,93799.84
2024-11-26T11:03:07.044,93714.4,93809.3,93783.305,93799.984
2024-11-26T11:03:07.064,93714.4,93809.3,93783.39,93800.04
2024-11-26T11:03:07.084,93714.4,93809.3,93784.46,93799.97
2024-11-26T11:03:07.104,93714.4,93809.3,93786.53,93799.91
2024-11-26T11:03:07.124,93714.4,93809.3,93786.18,93799.69
2024-11-26T11:03:07.144,93714.4,93809.3,93785.98,93799.52
2024-11-26T11:03:07.164,93714.4,93809.3,93785.3,93799.49
2024-11-26T11:03:07.184,93714.4,93809.3,93784.96,93799.48
2024-11-26T11:03:07.204,93714.4,93809.3,93782.695,93799.45
2024-11-26T11:03:07.224,93714.4,93809.3,93782.74,93799.445
2024-11-26T11:03:07.244,93714.4,93809.3,93782.69,93799.445
2024-11-26T11:03:07.284,93714.4,93809.3,93782.9,93799.445
2024-11-26T11:03:07.305,93714.4,93809.3,93785.18,93799.4
2024-11-26T11:03:07.324,93714.4,93809.3,93784.25,93799.414
2024-11-26T11:03:07.344,93714.4,93809.3,93784.414,93799.414
2024-11-26T11:03:07.365,93714.4,93809.3,93785.16,93799.414
2024-11-26T11:03:07.384,93714.4,93809.3,93785.29,93799.49
2024-11-26T11:03:07.404,93714.4,93809.3,93785.29,93799.53
2024-11-26T11:03:07.424,93714.4,93809.3,93785.93,93799.516
2024-11-26T11:03:07.444,93714.4,93809.3,93786.164,93799.516
2024-11-26T11:03:07.464,93714.4,93809.3,93786.35,93799.875
2024-11-26T11:03:07.484,93714.4,93809.3,93786.19,93799.91
2024-11-26T11:03:07.504,93714.4,93809.3,93786.195,93799.91
2024-11-26T11:03:07.524,93714.4,93809.3,93786.34,93800.17
2024-11-26T11:03:07.544,93714.4,93809.3,93790.54,93800.2
2024-11-26T11:03:07.564,93714.4,93809.3,93790.53,93799.945
2024-11-26T11:03:07.584,93714.4,93809.3,93789.82,93799.945
2024-11-26T11:03:07.604,93714.4,93809.3,93789.7,93800.18
2024-11-26T11:03:07.624,93714.4,93809.3,93789.8,93800.21
2024-11-26T11:03:07.644,93714.4,93809.3,93792.93,93800.32
2024-11-26T11:03:07.665,93714.4,93809.3,93793.04,93800.39
2024-11-26T11:03:07.685,93714.4,93809.3,93791.266,93800.64
2024-11-26T11:03:07.704,93714.4,93809.3,93791.17,93800.66
2024-11-26T11:03:07.724,93714.4,93809.3,93791.79,93800.7
2024-11-26T11:03:07.744,93714.4,93809.3,93791.86,93800.7
2024-11-26T11:03:07.764,93714.4,93809.3,93791.766,93800.62
2024-11-26T11:03:07.784,93714.4,93809.3,93791.766,93800.555
2024-11-26T11:03:07.804,93714.4,93809.3,93791.87,93800.67
2024-11-26T11:03:07.824,93714.4,93809.3,93791.95,93800.7
2024-11-26T11:03:07.844,93714.4,93809.3,93791.91,93800.68
2024-11-26T11:03:07.864,93714.4,93809.3,93791.805,93800.68
2024-11-26T11:03:07.904,93714.4,93809.3,93791.66,93800.445
2024-11-26T11:03:07.944,93714.4,93809.3,93791.66,93800.45
2024-11-26T11:03:07.964,93714.4,93809.3,93792.2,93801.23
2024-11-26T11:03:07.984,93714.4,93809.3,93792.25,93801.23
2024-11-26T11:03:08.004,93714.4,93809.3,93792.22,93800.836
2024-11-26T11:03:08.024,93714.4,93809.3,93792.13,93800.836
2024-11-26T11:03:08.044,93714.4,93809.3,93792.13,93800.83
2024-11-26T11:03:08.064,93714.4,93809.3,93793.73,93800.83
2024-11-26T11:03:08.084,93714.4,93809.3,93795.29,93801.29
2024-11-26T11:03:08.104,93714.4,93809.3,93794.22,93801.22
2024-11-26T11:03:08.124,93714.4,93809.3,93793.99,93801.22
2024-11-26T11:03:08.144,93714.4,93809.3,93793.92,93801.22
2024-11-26T11:03:08.164,93714.4,93809.3,93793.78,93801.22
2024-11-26T11:03:08.184,93714.4,93809.3,93793.63,93800.836
2024-11-26T11:03:08.204,93714.4,93809.3,93793.6,93800.82
2024-11-26T11:03:08.224,93714.4,93809.3,93792.336,93800.67
2024-11-26T11:03:08.244,93714.4,93809.3,93791.75,93801.06
2024-11-26T11:03:08.264,93714.4,93809.3,93791.29,93800.95
2024-11-26T11:03:08.285,93714.4,93809.3,93791.29,93800.8
2024-11-26T11:03:08.305,93714.4,93809.3,93791.07,93800.79
2024-11-26T11:03:08.325,93714.4,93809.3,93791.07,93800.78
2024-11-26T11:03:08.345,93714.4,93809.3,93791.086,93800.77
2024-11-26T11:03:08.364,93714.4,93809.3,93791.6,93800.8
2024-11-26T11:03:08.384,93714.4,93809.3,93791.23,93801.21
2024-11-26T11:03:08.404,93714.4,93809.3,93791.625,93801.3
2024-11-26T11:03:08.424,93714.4,93809.3,93790.96,93801.22
2024-11-26T11:03:08.464,93714.4,93809.3,93790.95,93801.22
2024-11-26T11:03:08.484,93714.4,93809.3,93790.96,93801.22
2024-11-26T11:03:08.504,93714.4,93809.3,93791.06,93801.22
2024-11-26T11:03:08.524,93714.4,93809.3,93791.14,93801.22
2024-11-26T11:03:08.544,93714.4,93809.3,93791.16,93801.22
2024-11-26T11:03:08.584,93714.4,93809.3,93791.16,93801.23
2024-11-26T11:03:08.604,93714.4,93809.3,93791.16,93801.22
2024-11-26T11:03:08.684,93714.4,93809.3,93791.164,93801.22
2024-11-26T11:03:08.704,93714.4,93809.3,93791.164,93801.3
2024-11-26T11:03:08.764,93714.4,93809.3,93791.13,93801.3
2024-11-26T11:03:08.784,93714.4,93809.3,93791.12,93801.22
2024-11-26T11:03:08.824,93714.4,93809.3,93791.12,93801.22
2024-11-26T11:03:08.864,93714.4,93809.3,93791.12,93801.22
2024-11-26T11:03:08.924,93714.4,93809.3,93790.99,93801.21
2024-11-26T11:03:08.944,93714.4,93809.3,93790.64,93801.3
2024-11-26T11:03:08.964,93714.4,93809.3,93790.305,93801.3
2024-11-26T11:03:08.984,93714.4,93809.3,93790.125,93801.2
2024-11-26T11:03:09.004,93714.4,93809.3,93790.28,93801.13
2024-11-26T11:03:09.044,93714.4,93809.3,93790.74,93801.07
2024-11-26T11:03:09.064,93714.4,93809.3,93790.305,93801.086
2024-11-26T11:03:09.084,93714.4,93809.3,93790.32,93801.164
2024-11-26T11:03:09.104,93714.4,93809.3,93790.32,93801.17
2024-11-26T11:03:09.124,93714.4,93809.3,93790.23,93801.17
2024-11-26T11:03:09.144,93714.4,93809.3,93790.26,93801.19
2024-11-26T11:03:09.164,93714.4,93809.3,93790.664,93801.195
2024-11-26T11:03:09.204,93714.4,93809.3,93790.664,93801.19
2024-11-26T11:03:09.224,93714.4,93809.3,93790.266,93801.19
2024-11-26T11:03:09.244,93714.4,93809.3,93790.25,93801.17
2024-11-26T11:03:09.264,93714.4,93809.3,93790.24,93801.195
2024-11-26T11:03:09.284,93714.4,93809.3,93790.336,93801.195
2024-11-26T11:03:09.304,93714.4,93809.3,93790.31,93801.195
2024-11-26T11:03:09.324,93714.4,93809.3,93790.31,93801.18
2024-11-26T11:03:09.344,93714.4,93809.3,93790.234,93801.18
2024-11-26T11:03:09.364,93714.4,93809.3,93790.3,93801.15
2024-11-26T11:03:09.384,93714.4,93809.3,93790.35,93801.13
2024-11-26T11:03:09.404,93714.4,93809.3,93790.35,93801.195
2024-11-26T11:03:09.424,93714.4,93809.3,93790.375,93801.18
2024-11-26T11:03:09.444,93714.4,93809.3,93790.4,93801.18
2024-11-26T11:03:09.464,93714.4,93809.3,93790.4,93801.17
2024-11-26T11:03:09.484,93714.4,93809.3,93790.4,93801.16
2024-11-26T11:03:09.504,93714.4,93809.3,93790.375,93801.06
2024-11-26T11:03:09.524,93714.4,93809.3,93790.375,93801.04
2024-11-26T11:03:09.545,93714.4,93809.3,93790.34,93801.125
2024-11-26T11:03:09.564,93714.4,93809.3,93790.34,93801.04
2024-11-26T11:03:09.584,93714.4,93809.3,93789.86,93801.04
2024-11-26T11:03:09.604,93714.4,93809.3,93789.86,93801.04
2024-11-26T11:03:09.625,93714.4,93809.3,93788.61,93800.73
2024-11-26T11:03:09.645,93714.4,93809.3,93789.74,93800.72
2024-11-26T11:03:09.664,93714.4,93809.3,93790.945,93800.73
2024-11-26T11:03:09.684,93714.4,93809.3,93790.945,93800.734
2024-11-26T11:03:09.704,93714.4,93809.3,93790.53,93800.72
2024-11-26T11:03:09.724,93714.4,93809.3,93788.46,93801.07
2024-11-26T11:03:09.744,93714.4,93809.3,93788.07,93801.25
2024-11-26T11:03:09.764,93714.4,93809.3,93786.336,93801.23
2024-11-26T11:03:09.784,93714.4,93809.3,93786.41,93801.23
2024-11-26T11:03:09.804,93714.4,93809.3,93785.53,93800.12
2024-11-26T11:03:09.824,93714.4,93809.3,93787.86,93797.46
2024-11-26T11:03:09.844,93714.4,93809.3,93787.63,93798.42
2024-11-26T11:03:09.864,93714.4,93809.3,93787.98,93798.45
2024-11-26T11:03:09.884,93714.4,93809.3,93787.79,93798.54
2024-11-26T11:03:09.904,93714.4,93809.3,93788.06,93798.64
2024-11-26T11:03:09.925,93714.4,93809.3,93788.06,93798.664
2024-11-26T11:03:09.944,93714.4,93809.3,93788.46,93798.69
2024-11-26T11:03:09.984,93714.4,93809.3,93788.52,93798.305
2024-11-26T11:03:10.004,93714.4,93809.3,93784.06,93798.055
2024-11-26T11:03:10.024,93714.4,93809.3,93783.43,93797.914
2024-11-26T11:03:10.044,93714.4,93809.3,93777.19,93798.25
2024-11-26T11:03:10.064,93714.4,93809.3,93780.086,93798.51
2024-11-26T11:03:10.084,93714.4,93809.3,93779.055,93798.69
2024-11-26T11:03:10.104,93714.4,93809.3,93781.25,93798.59
2024-11-26T11:03:10.124,93714.4,93809.3,93782.01,93798.42
2024-11-26T11:03:10.144,93714.4,93809.3,93780.22,93798.24
2024-11-26T11:03:10.164,93714.4,93809.3,93780.805,93798.24
2024-11-26T11:03:10.184,93714.4,93809.3,93779.85,93798.36
2024-11-26T11:03:10.204,93714.4,93809.3,93779.945,93798.38
2024-11-26T11:03:10.224,93714.4,93809.3,93779.97,93798.42
2024-11-26T11:03:10.244,93714.4,93809.3,93779.97,93798.46
2024-11-26T11:03:10.264,93714.4,93809.3,93777.945,93796.164
2024-11-26T11:03:10.284,93714.4,93809.3,93777.914,93796.62
2024-11-26T11:03:10.304,93714.4,93809.3,93777.85,93797.61
2024-11-26T11:03:10.324,93714.4,93809.3,93777.87,93797.64
2024-11-26T11:03:10.344,93714.4,93809.3,93777.85,93797.64
2024-11-26T11:03:10.364,93714.4,93809.3,93777.97,93797.9
2024-11-26T11:03:10.384,93714.4,93809.3,93778.12,93798.06
2024-11-26T11:03:10.404,93714.4,93809.3,93778.37,93798.01
2024-11-26T11:03:10.424,93714.4,93809.3,93778.12,93798.01
2024-11-26T11:03:10.444,93714.4,93809.3,93780.04,93798.05
2024-11-26T11:03:10.464,93714.4,93809.3,93780.64,93798.445
2024-11-26T11:03:10.485,93714.4,93809.3,93782.06,93798.94
2024-11-26T11:03:10.504,93714.4,93809.3,93783.266,93799.36
2024-11-26T11:03:10.524,93714.4,93809.3,93782.37,93798.945
2024-11-26T11:03:10.544,93714.4,93809.3,93781.84,93798.85
2024-11-26T11:03:10.564,93714.4,93809.3,93781.234,93798.77
2024-11-26T11:03:10.584,93714.4,93809.3,93781.484,93798.734
2024-11-26T11:03:10.605,93714.4,93809.3,93779.97,93798.734
2024-11-26T11:03:10.645,93714.4,93809.3,93779.66,93798.734
2024-11-26T11:03:10.664,93714.4,93809.3,93779.82,93798.734
2024-11-26T11:03:10.685,93714.4,93809.3,93778.734,93798.664
2024-11-26T11:03:10.704,93714.4,93809.3,93778.6,93798.66
2024-11-26T11:03:10.724,93714.4,93809.3,93778.59,93798.64
2024-11-26T11:03:10.744,93714.4,93809.3,93778.53,93798.64
2024-11-26T11:03:10.764,93714.4,93809.3,93778.56,93798.64
2024-11-26T11:03:10.804,93714.4,93809.3,93778.56,93798.62
2024-11-26T11:03:10.844,93714.4,93809.3,93778.56,93798.62
2024-11-26T11:03:10.864,93714.4,93809.3,93778.67,93798.58
2024-11-26T11:03:10.884,93714.4,93809.3,93778.67,93798.6
2024-11-26T11:03:10.904,93714.4,93809.3,93779.83,93798.734
2024-11-26T11:03:10.925,93714.4,93809.3,93780.63,93798.734
2024-11-26T11:03:10.944,93714.4,93809.3,93780.68,93798.734
2024-11-26T11:03:10.964,93714.4,93809.3,93780.67,93798.734
2024-11-26T11:03:10.984,93714.4,93809.3,93779.73,93798.695
2024-11-26T11:03:11.004,93714.4,93809.3,93778.984,93798.695
2024-11-26T11:03:11.024,93714.4,93809.3,93777.96,93798.54
2024-11-26T11:03:11.044,93714.4,93809.3,93777.94,93798.4
2024-11-26T11:03:11.064,93714.4,93809.3,93777.11,93798.4
2024-11-26T11:03:11.084,93714.4,93809.3,93777.11,93798.4
2024-11-26T11:03:11.104,93714.4,93809.3,93777.16,93798.37
2024-11-26T11:03:11.124,93714.4,93809.3,93777.21,93798.38
2024-11-26T11:03:11.144,93714.4,93809.3,93776.81,93798.29
2024-11-26T11:03:11.164,93714.4,93809.3,93776.734,93798.29
2024-11-26T11:03:11.184,93714.4,93809.3,93776.4,93798.445
2024-11-26T11:03:11.204,93714.4,93809.3,93776.82,93798.53
2024-11-26T11:03:11.224,93714.4,93809.3,93776.91,93798.57
2024-11-26T11:03:11.244,93714.4,93809.3,93776.92,93798.57
2024-11-26T11:03:11.284,93714.4,93809.3,93776.914,93798.57
2024-11-26T11:03:11.304,93714.4,93809.3,93776.914,93798.64
2024-11-26T11:03:11.324,93714.4,93809.3,93776.9,93798.66
2024-11-26T11:03:11.344,93714.4,93809.3,93776.91,93798.66
2024-11-26T11:03:11.364,93714.4,93809.3,93776.98,93798.7
2024-11-26T11:03:11.384,93714.4,93809.3,93776.98,93798.7
2024-11-26T11:03:11.404,93714.4,93809.3,93776.805,93798.72
2024-11-26T11:03:11.424,93714.4,93809.3,93776.805,93798.7
2024-11-26T11:03:11.444,93714.4,93809.3,93776.8,93798.695
2024-11-26T11:03:11.464,93714.4,93809.3,93776.836,93798.695
2024-11-26T11:03:11.484,93714.4,93809.3,93776.51,93798.49
2024-11-26T11:03:11.504,93714.4,93809.3,93776.875,93798.39
2024-11-26T11:03:11.524,93714.4,93809.3,93776.86,93798.36
2024-11-26T11:03:11.544,93714.4,93809.3,93776.87,93798.36
2024-11-26T11:03:11.564,93714.4,93809.3,93776.87,93798.36
2024-11-26T11:03:11.604,93714.4,93809.3,93776.86,93798.36
2024-11-26T11:03:11.624,93714.4,93809.3,93776.72,93798.37
2024-11-26T11:03:11.644,93714.4,93809.3,93777.05,93798.555
2024-11-26T11:03:11.664,93714.4,93809.3,93781.19,93798.89
2024-11-26T11:03:11.684,93714.4,93809.3,93781.6,93798.97
2024-11-26T11:03:11.704,93714.4,93809.3,93781.42,93799.48
2024-11-26T11:03:11.724,93714.4,93809.3,93781.42,93799.52
2024-11-26T11:03:11.744,93714.4,93809.3,93779.84,93798.79
2024-11-26T11:03:11.764,93714.4,93809.3,93780.08,93798.805
2024-11-26T11:03:11.784,93714.4,93809.3,93780.49,93798.766
2024-11-26T11:03:11.804,93714.4,93809.3,93780.44,93799.22
2024-11-26T11:03:11.824,93714.4,93809.3,93780.43,93799.02
2024-11-26T11:03:11.844,93714.4,93809.3,93780.6,93799.18
2024-11-26T11:03:11.865,93714.4,93809.3,93781.0,93799.19
2024-11-26T11:03:11.885,93714.4,93809.3,93780.97,93799.18
2024-11-26T11:03:11.904,93714.4,93809.3,93780.97,93799.305
2024-11-26T11:03:11.925,93714.4,93809.3,93781.0,93799.734
2024-11-26T11:03:11.944,93714.4,93809.3,93781.96,93799.89
2024-11-26T11:03:11.964,93714.4,93809.3,93781.086,93800.03
2024-11-26T11:03:11.984,93714.4,93809.3,93782.44,93800.01
2024-11-26T11:03:12.004,93714.4,93809.3,93782.48,93800.01
2024-11-26T11:03:12.024,93714.4,93809.3,93782.055,93799.914
2024-11-26T11:03:12.044,93714.4,93809.3,93781.82,93800.02
2024-11-26T11:03:12.064,93714.4,93809.3,93781.82,93800.016
2024-11-26T11:03:12.084,93714.4,93809.3,93781.82,93800.016
2024-11-26T11:03:12.124,93714.4,93809.3,93781.85,93800.02
2024-11-26T11:03:12.144,93714.4,93809.3,93781.85,93800.02
2024-11-26T11:03:12.164,93714.4,93809.3,93781.97,93800.02
2024-11-26T11:03:12.204,93714.4,93809.3,93781.94,93799.99
2024-11-26T11:03:12.224,93714.4,93809.3,93781.875,93799.97
2024-11-26T11:03:12.244,93714.4,93809.3,93781.89,93799.984
2024-11-26T11:03:12.264,93714.4,93809.3,93781.914,93799.984
2024-11-26T11:03:12.284,93714.4,93809.3,93781.89,93799.984
2024-11-26T11:03:12.324,93714.4,93809.3,93781.85,93799.98
2024-11-26T11:03:12.364,93714.4,93809.3,93781.84,93800.0
2024-11-26T11:03:12.384,93714.4,93809.3,93781.91,93800.14
2024-11-26T11:03:12.404,93714.4,93809.3,93781.91,93800.17
2024-11-26T11:03:12.424,93714.4,93809.3,93781.79,93800.234
2024-11-26T11:03:12.444,93714.4,93809.3,93781.83,93800.234
2024-11-26T11:03:12.464,93714.4,93809.3,93781.914,93800.234
2024-11-26T11:03:12.504,93714.4,93809.3,93781.86,93800.32
2024-11-26T11:03:12.524,93714.4,93809.3,93781.87,93800.32
2024-11-26T11:03:12.544,93714.4,93809.3,93781.875,93800.32
2024-11-26T11:03:12.604,93714.4,93809.3,93784.7,93800.31
2024-11-26T11:03:12.624,93714.4,93809.3,93784.68,93800.305
2024-11-26T11:03:12.644,93714.4,93809.3,93785.71,93799.87
2024-11-26T11:03:12.664,93714.4,93809.3,93785.586,93799.85
2024-11-26T11:03:12.684,93714.4,93809.3,93785.586,93799.84
2024-11-26T11:03:12.704,93714.4,93809.3,93785.836,93799.68
2024-11-26T11:03:12.724,93714.4,93809.3,93785.71,93799.68
2024-11-26T11:03:12.744,93714.4,93809.3,93785.68,93799.54
2024-11-26T11:03:12.765,93714.4,93809.3,93786.0,93799.7
2024-11-26T11:03:12.785,93714.4,93809.3,93785.88,93799.77
2024-11-26T11:03:12.804,93714.4,93809.3,93785.88,93799.78
2024-11-26T11:03:12.824,93714.4,93809.3,93786.0,93799.72
2024-11-26T11:03:12.845,93714.4,93809.3,93786.125,93799.67
2024-11-26T11:03:12.864,93714.4,93809.3,93786.125,93799.79
2024-11-26T11:03:12.884,93714.4,93809.3,93786.164,93799.66
2024-11-26T11:03:12.904,93714.4,93809.3,93786.28,93799.59
2024-11-26T11:03:12.924,93714.4,93809.3,93786.29,93799.59
2024-11-26T11:03:12.944,93714.4,93809.3,93786.29,93799.5
2024-11-26T11:03:12.964,93714.4,93809.3,93786.36,93800.52
2024-11-26T11:03:12.984,93714.4,93809.3,93787.98,93800.13
2024-11-26T11:03:13.004,93714.4,93809.3,93786.23,93799.31
2024-11-26T11:03:13.025,93714.4,93809.3,93786.07,93799.23
2024-11-26T11:03:13.044,93714.4,93809.3,93785.99,93799.2
2024-11-26T11:03:13.064,93714.4,93809.3,93786.06,93799.2
2024-11-26T11:03:13.085,93714.4,93809.3,93786.24,93799.17
2024-11-26T11:03:13.104,93714.4,93809.3,93785.48,93799.17
2024-11-26T11:03:13.124,93714.4,93809.3,93785.49,93799.17
2024-11-26T11:03:13.164,93714.4,93809.3,93785.48,93799.26
2024-11-26T11:03:13.184,93714.4,93809.3,93786.71,93799.24
2024-11-26T11:03:13.204,93714.4,93809.3,93786.79,93799.6
2024-11-26T11:03:13.224,93714.4,93809.3,93786.82,93800.055
2024-11-26T11:03:13.244,93714.4,93809.3,93786.586,93800.055
2024-11-26T11:03:13.264,93714.4,93809.3,93786.98,93800.055
2024-11-26T11:03:13.284,93714.4,93809.3,93787.234,93800.055
2024-11-26T11:03:13.304,93714.4,93809.3,93787.234,93799.914
2024-11-26T11:03:13.324,93714.4,93809.3,93787.234,93799.9
2024-11-26T11:03:13.344,93714.4,93809.3,93787.32,93799.9
2024-11-26T11:03:13.364,93714.4,93809.3,93788.164,93800.164
2024-11-26T11:03:13.384,93714.4,93809.3,93789.55,93799.9
2024-11-26T11:03:13.404,93714.4,93809.3,93789.51,93799.82
2024-11-26T11:03:13.425,93714.4,93809.3,93788.375,93799.82
2024-11-26T11:03:13.444,93714.4,93809.3,93788.6,93800.016
2024-11-26T11:03:13.464,93714.4,93809.3,93787.87,93800.016
2024-11-26T11:03:13.485,93714.4,93809.3,93788.39,93799.96
2024-11-26T11:03:13.524,93714.4,93809.3,93788.42,93799.98
2024-11-26T11:03:13.604,93714.4,93809.3,93788.58,93799.98
2024-11-26T11:03:13.644,93714.4,93809.3,93788.58,93799.98
2024-11-26T11:03:13.664,93714.4,93809.3,93788.58,93800.05
2024-11-26T11:03:13.684,93714.4,93809.3,93789.305,93800.01
2024-11-26T11:03:13.704,93714.4,93809.3,93789.305,93799.97
2024-11-26T11:03:13.744,93714.4,93809.3,93789.47,93799.89
2024-11-26T11:03:13.764,93714.4,93809.3,93789.41,93799.99
2024-11-26T11:03:13.804,93714.4,93809.3,93789.41,93799.91
2024-11-26T11:03:13.824,93714.4,93809.3,93789.4,93799.89
2024-11-26T11:03:13.844,93714.4,93809.3,93789.43,93799.875
2024-11-26T11:03:13.864,93714.4,93809.3,93789.44,93799.99
2024-11-26T11:03:13.884,93714.4,93809.3,93789.445,93800.0
2024-11-26T11:03:13.904,93714.4,93809.3,93788.695,93799.77
2024-11-26T11:03:13.924,93714.4,93809.3,93787.18,93800.06
2024-11-26T11:03:13.944,93714.4,93809.3,93786.86,93800.086
2024-11-26T11:03:13.964,93714.4,93809.3,93786.125,93800.086
2024-11-26T11:03:13.984,93714.4,93809.3,93784.39,93800.086
2024-11-26T11:03:14.004,93714.4,93809.3,93783.96,93800.07
2024-11-26T11:03:14.024,93714.4,93809.3,93783.75,93799.445
2024-11-26T11:03:14.044,93714.4,93809.3,93785.164,93798.03
2024-11-26T11:03:14.064,93714.4,93809.3,93785.234,93798.01
2024-11-26T11:03:14.084,93714.4,93809.3,93785.23,93798.18
2024-11-26T11:03:14.104,93714.4,93809.3,93785.23,93798.195
2024-11-26T11:03:14.124,93714.4,93809.3,93785.05,93798.09
2024-11-26T11:03:14.144,93714.4,93809.3,93785.05,93798.1
2024-11-26T11:03:14.185,93714.4,93809.3,93785.05,93798.09
2024-11-26T11:03:14.204,93714.4,93809.3,93785.05,93798.13
2024-11-26T11:03:14.224,93714.4,93809.3,93785.08,93798.39
2024-11-26T11:03:14.244,93714.4,93809.3,93785.08,93798.305
2024-11-26T11:03:14.264,93714.4,93809.3,93785.41,93798.305
2024-11-26T11:03:14.284,93714.4,93809.3,93785.62,93798.48
2024-11-26T11:03:14.304,93714.4,93809.3,93785.62,93798.5
2024-11-26T11:03:14.324,93714.4,93809.3,93785.53,93798.5
2024-11-26T11:03:14.344,93714.4,93809.3,93784.52,93799.9
2024-11-26T11:03:14.364,93714.4,93809.3,93784.23,93799.96
2024-11-26T11:03:14.384,93714.4,93809.3,93785.016,93799.62
2024-11-26T11:03:14.404,93714.4,93809.3,93785.27,93799.39
2024-11-26T11:03:14.425,93714.4,93809.3,93785.21,93799.38
2024-11-26T11:03:14.444,93714.4,93809.3,93785.305,93799.38
2024-11-26T11:03:14.464,93714.4,93809.3,93785.04,93799.38
2024-11-26T11:03:14.504,93714.4,93809.3,93785.54,93799.1
2024-11-26T11:03:14.524,93714.4,93809.3,93785.54,93799.11
2024-11-26T11:03:14.544,93714.4,93809.3,93785.54,93799.055
2024-11-26T11:03:14.564,93714.4,93809.3,93785.38,93799.02
2024-11-26T11:03:14.585,93714.4,93809.3,93785.39,93798.945
2024-11-26T11:03:14.604,93714.4,93809.3,93785.71,93798.88
2024-11-26T11:03:14.625,93714.4,93809.3,93785.87,93799.53
2024-11-26T11:03:14.644,93714.4,93809.3,93785.875,93799.64
2024-11-26T11:03:14.664,93714.4,93809.3,93785.875,93799.6
2024-11-26T11:03:14.684,93714.4,93809.3,93785.875,93799.84
2024-11-26T11:03:14.704,93714.4,93809.3,93785.92,93799.91
2024-11-26T11:03:14.724,93714.4,93809.3,93785.44,93799.93
2024-11-26T11:03:14.744,93714.4,93809.3,93785.55,93799.94
2024-11-26T11:03:14.784,93714.4,93809.3,93785.6,93799.95
2024-11-26T11:03:14.804,93714.4,93809.3,93785.6,93799.95
2024-11-26T11:03:14.824,93714.4,93809.3,93784.95,93800.0
2024-11-26T11:03:14.844,93714.4,93809.3,93784.984,93800.06
2024-11-26T11:03:14.864,93714.4,93809.3,93784.984,93799.914
2024-11-26T11:03:14.884,93714.4,93809.3,93784.984,93799.9
2024-11-26T11:03:14.904,93714.4,93809.3,93784.984,93799.836
2024-11-26T11:03:14.924,93714.4,93809.3,93784.97,93799.98
2024-11-26T11:03:14.964,93714.4,93809.3,93785.586,93799.85
2024-11-26T11:03:14.984,93714.4,93809.3,93785.945,93799.97
2024-11-26T11:03:15.024,93714.4,93809.3,93785.945,93799.83
2024-11-26T11:03:15.044,93714.4,93809.3,93785.945,93799.68
2024-11-26T11:03:15.064,93714.4,93809.3,93785.945,93799.66
2024-11-26T11:03:15.084,93714.4,93809.3,93785.8,93799.914
2024-11-26T11:03:15.104,93714.4,93809.3,93785.85,93800.086
2024-11-26T11:03:15.124,93714.4,93809.3,93785.63,93800.12
2024-11-26T11:03:15.144,93714.4,93809.3,93785.63,93799.96
2024-11-26T11:03:15.164,93714.4,93809.3,93785.63,93800.0
2024-11-26T11:03:15.184,93714.4,93809.3,93785.63,93800.266
2024-11-26T11:03:15.204,93714.4,93809.3,93785.63,93800.27
2024-11-26T11:03:15.224,93714.4,93809.3,93785.63,93800.18
2024-11-26T11:03:15.244,93714.4,93809.3,93785.64,93799.73
2024-11-26T11:03:15.264,93714.4,93809.3,93785.59,93799.66
2024-11-26T11:03:15.284,93714.4,93809.3,93785.59,93799.85
2024-11-26T11:03:15.304,93714.4,93809.3,93785.8,93799.67
2024-11-26T11:03:15.324,93714.4,93809.3,93785.77,93799.68
2024-11-26T11:03:15.345,93714.4,93809.3,93785.8,93799.63
2024-11-26T11:03:15.364,93714.4,93809.3,93785.805,93799.89
2024-11-26T11:03:15.384,93714.4,93809.3,93785.71,93799.734
2024-11-26T11:03:15.404,93714.4,93809.3,93785.375,93799.62
2024-11-26T11:03:15.425,93714.4,93809.3,93785.375,93799.6
2024-11-26T11:03:15.444,93714.4,93809.3,93785.85,93799.6
2024-11-26T11:03:15.465,93714.4,93809.3,93785.85,93799.63
2024-11-26T11:03:15.504,93714.4,93809.3,93785.75,93799.62
2024-11-26T11:03:15.525,93714.4,93809.3,93785.76,93799.805
2024-11-26T11:03:15.544,93714.4,93809.3,93785.76,93800.03
2024-11-26T11:03:15.564,93714.4,93809.3,93785.77,93800.12
2024-11-26T11:03:15.584,93714.4,93809.3,93785.766,93800.07
2024-11-26T11:03:15.604,93714.4,93809.3,93785.766,93799.625
2024-11-26T11:03:15.624,93714.4,93809.3,93785.766,93799.63
2024-11-26T11:03:15.645,93714.4,93809.3,93785.766,93799.8
2024-11-26T11:03:15.665,93714.4,93809.3,93785.766,93799.766
2024-11-26T11:03:15.744,93714.4,93809.3,93785.766,93799.76
2024-11-26T11:03:15.764,93714.4,93809.3,93785.45,93799.53
2024-11-26T11:03:15.785,93714.4,93809.3,93785.06,93799.305
2024-11-26T11:03:15.805,93714.4,93809.3,93785.05,93799.21
2024-11-26T11:03:15.824,93714.4,93809.3,93784.945,93799.09
2024-11-26T11:03:15.844,93714.4,93809.3,93784.87,93798.93
2024-11-26T11:03:15.865,93714.4,93809.3,93784.77,93798.836
2024-11-26T11:03:15.884,93714.4,93809.3,93784.67,93798.73
2024-11-26T11:03:15.904,93714.4,93809.3,93784.61,93798.71
2024-11-26T11:03:15.924,93714.4,93809.3,93784.61,93798.71
2024-11-26T11:03:15.944,93714.4,93809.3,93784.72,93798.72
2024-11-26T11:03:15.964,93714.4,93809.3,93784.72,93798.51
2024-11-26T11:03:15.984,93714.4,93809.3,93784.72,93798.53
2024-11-26T11:03:16.004,93714.4,93809.3,93784.58,93798.53
2024-11-26T11:03:16.024,93714.4,93809.3,93778.49,93793.84
2024-11-26T11:03:16.044,93714.4,93809.3,93777.3,93794.76
2024-11-26T11:03:16.064,93714.4,93809.3,93777.3,93795.99
2024-11-26T11:03:16.084,93714.4,93809.3,93777.33,93796.36
2024-11-26T11:03:16.104,93714.4,93809.3,93777.38,93796.04
2024-11-26T11:03:16.124,93714.4,93809.3,93777.43,93796.43
2024-11-26T11:03:16.144,93714.4,93809.3,93777.43,93796.44
2024-11-26T11:03:16.164,93714.4,93809.3,93777.414,93796.44
2024-11-26T11:03:16.184,93714.4,93809.3,93778.18,93796.04
2024-11-26T11:03:16.204,93714.4,93809.3,93774.914,93792.75
2024-11-26T11:03:16.224,93714.4,93809.3,93774.93,93793.81
2024-11-26T11:03:16.244,93714.4,93809.3,93774.97,93794.375
2024-11-26T11:03:16.264,93714.4,93809.3,93774.97,93794.64
2024-11-26T11:03:16.284,93714.4,93809.3,93774.97,93795.125
2024-11-26T11:03:16.324,93714.4,93809.3,93774.89,93795.12
2024-11-26T11:03:16.344,93714.4,93809.3,93774.97,93795.21
2024-11-26T11:03:16.364,93714.4,93809.3,93774.97,93795.4
2024-11-26T11:03:16.384,93714.4,93809.3,93774.97,93795.51
2024-11-26T11:03:16.404,93714.4,93809.3,93774.91,93795.52
2024-11-26T11:03:16.424,93714.4,93809.3,93774.97,93795.55
2024-11-26T11:03:16.444,93714.4,93809.3,93774.97,93795.54
2024-11-26T11:03:16.464,93714.4,93809.3,93774.97,93795.55
2024-11-26T11:03:16.484,93714.4,93809.3,93773.28,93784.53
2024-11-26T11:03:16.504,93714.4,93809.3,93768.01,93783.13
2024-11-26T11:03:16.524,93714.4,93809.3,93768.68,93781.7
2024-11-26T11:03:16.544,93714.4,93809.3,93766.83,93782.07
2024-11-26T11:03:16.564,93714.4,93809.3,93765.3,93780.44
2024-11-26T11:03:16.584,93714.4,93809.3,93765.18,93781.055
2024-11-26T11:03:16.604,93714.4,93809.3,93764.34,93781.69
2024-11-26T11:03:16.624,93714.4,93809.3,93764.34,93781.9
2024-11-26T11:03:16.644,93714.4,93809.3,93763.87,93782.51
2024-11-26T11:03:16.664,93714.4,93809.3,93757.766,93773.76
2024-11-26T11:03:16.684,93714.4,93809.3,93756.38,93771.336
2024-11-26T11:03:16.704,93714.4,93809.3,93755.21,93766.92
2024-11-26T11:03:16.724,93714.4,93809.3,93753.9,93765.67
2024-11-26T11:03:16.744,93714.4,93809.3,93748.03,93766.34
2024-11-26T11:03:16.764,93714.4,93809.3,93748.76,93768.42
2024-11-26T11:03:16.784,93714.4,93809.3,93748.97,93768.766
2024-11-26T11:03:16.804,93714.4,93809.3,93748.44,93765.31
2024-11-26T11:03:16.824,93714.4,93809.3,93746.0,93765.695
2024-11-26T11:03:16.844,93714.4,93809.3,93745.65,93767.08
2024-11-26T11:03:16.864,93714.4,93809.3,93745.51,93767.42
2024-11-26T11:03:16.884,93714.4,93809.3,93745.62,93766.31
2024-11-26T11:03:16.904,93714.4,93809.3,93745.6,93767.25
2024-11-26T11:03:16.924,93714.4,93809.3,93745.57,93767.38
2024-11-26T11:03:16.944,93714.4,93809.3,93745.57,93767.39
2024-11-26T11:03:16.964,93714.4,93809.3,93745.41,93767.39
2024-11-26T11:03:17.004,93714.4,93809.3,93743.97,93762.17
2024-11-26T11:03:17.024,93714.4,93809.3,93742.19,93758.28
2024-11-26T11:03:17.045,93714.4,93809.3,93740.805,93752.38
2024-11-26T11:03:17.064,93714.4,93809.3,93737.16,93751.45
2024-11-26T11:03:17.084,93714.4,93809.3,93736.97,93749.59
2024-11-26T11:03:17.104,93714.4,93809.3,93732.69,93745.61
2024-11-26T11:03:17.124,93714.4,93809.3,93730.875,93747.68
2024-11-26T11:03:17.144,93714.4,93809.3,93732.79,93748.95
2024-11-26T11:03:17.164,93714.4,93809.3,93732.81,93750.7
2024-11-26T11:03:17.184,93714.4,93809.3,93731.92,93752.24
2024-11-26T11:03:17.204,93714.4,93809.3,93729.26,93750.32
2024-11-26T11:03:17.224,93714.4,93809.3,93729.25,93749.61
2024-11-26T11:03:17.244,93714.4,93809.3,93729.62,93751.74
2024-11-26T11:03:17.264,93714.4,93809.3,93729.195,93749.66
2024-11-26T11:03:17.284,93714.4,93809.3,93728.5,93749.695
2024-11-26T11:03:17.304,93714.4,93809.3,93728.46,93749.49
2024-11-26T11:03:17.324,93714.4,93809.3,93728.1,93749.49
2024-11-26T11:03:17.344,93714.4,93809.3,93727.445,93749.52
2024-11-26T11:03:17.364,93714.4,93809.3,93727.33,93749.75
2024-11-26T11:03:17.384,93714.4,93809.3,93727.33,93749.6
2024-11-26T11:03:17.424,93714.4,93809.3,93727.34,93749.56
2024-11-26T11:03:17.444,93714.4,93809.3,93727.34,93749.56
2024-11-26T11:03:17.464,93714.4,93809.3,93727.266,93749.53
2024-11-26T11:03:17.484,93714.4,93809.3,93727.8,93749.76
2024-11-26T11:03:17.504,93714.4,93809.3,93727.79,93749.26
2024-11-26T11:03:17.524,93714.4,93809.3,93727.79,93749.38
2024-11-26T11:03:17.544,93714.4,93809.3,93729.6,93749.805
2024-11-26T11:03:17.564,93714.4,93809.3,93729.97,93749.97
2024-11-26T11:03:17.584,93714.4,93809.3,93730.06,93750.01
2024-11-26T11:03:17.604,93714.4,93809.3,93729.71,93750.18
2024-11-26T11:03:17.624,93714.4,93809.3,93730.9,93751.16
2024-11-26T11:03:17.645,93714.4,93809.3,93730.875,93750.73
2024-11-26T11:03:17.664,93714.4,93809.3,93730.695,93750.97
2024-11-26T11:03:17.685,93714.4,93809.3,93730.7,93750.97
2024-11-26T11:03:17.704,93714.4,93809.3,93730.83,93751.07
2024-11-26T11:03:17.724,93714.4,93809.3,93730.98,93751.06
2024-11-26T11:03:17.744,93714.4,93809.3,93730.26,93751.04
2024-11-26T11:03:17.764,93714.4,93809.3,93729.08,93751.72
2024-11-26T11:03:17.784,93714.4,93809.3,93728.69,93751.71
2024-11-26T11:03:17.804,93714.4,93809.3,93728.7,93751.38
2024-11-26T11:03:17.824,93714.4,93809.3,93728.3,93751.4
2024-11-26T11:03:17.844,93714.4,93809.3,93728.305,93751.4
2024-11-26T11:03:17.864,93714.4,93809.3,93728.3,93751.266
2024-11-26T11:03:17.884,93714.4,93809.3,93728.28,93751.37
2024-11-26T11:03:17.904,93714.4,93809.3,93728.64,93751.04
2024-11-26T11:03:17.924,93714.4,93809.3,93728.62,93751.04
2024-11-26T11:03:17.944,93714.4,93809.3,93728.766,93751.04
2024-11-26T11:03:17.964,93714.4,93809.3,93728.875,93751.04
2024-11-26T11:03:17.984,93714.4,93809.3,93728.4,93751.37
2024-11-26T11:03:18.004,93714.4,93809.3,93728.27,93751.04
2024-11-26T11:03:18.024,93714.4,93809.3,93728.266,93751.04
2024-11-26T11:03:18.064,93714.4,93809.3,93727.766,93750.69
2024-11-26T11:03:18.084,93714.4,93809.3,93727.76,93750.71
2024-11-26T11:03:18.104,93714.4,93809.3,93727.75,93750.71
2024-11-26T11:03:18.124,93714.4,93809.3,93727.75,93750.73
2024-11-26T11:03:18.144,93714.4,93809.3,93727.75,93750.695
2024-11-26T11:03:18.164,93714.4,93809.3,93727.74,93750.74
2024-11-26T11:03:18.184,93714.4,93809.3,93727.72,93750.74
2024-11-26T11:03:18.204,93714.4,93809.3,93727.72,93750.695
2024-11-26T11:03:18.224,93714.4,93809.3,93727.72,93750.69
2024-11-26T11:03:18.244,93714.4,93809.3,93728.39,93750.89
2024-11-26T11:03:18.264,93714.4,93809.3,93728.54,93751.195
2024-11-26T11:03:18.284,93714.4,93809.3,93730.35,93750.836
2024-11-26T11:03:18.304,93714.4,93809.3,93731.05,93751.63
2024-11-26T11:03:18.325,93714.4,93809.3,93731.16,93752.875
2024-11-26T11:03:18.344,93714.4,93809.3,93731.33,93752.69
2024-11-26T11:03:18.364,93714.4,93809.3,93731.336,93753.195
2024-11-26T11:03:18.384,93714.4,93809.3,93731.32,93752.11
2024-11-26T11:03:18.404,93714.4,93809.3,93731.164,93751.95
2024-11-26T11:03:18.424,93714.4,93809.3,93730.52,93752.086
2024-11-26T11:03:18.444,93714.4,93809.3,93730.19,93751.4
2024-11-26T11:03:18.464,93714.4,93809.3,93730.12,93751.28
2024-11-26T11:03:18.544,93714.4,93809.3,93732.71,93753.47
2024-11-26T11:03:18.564,93714.4,93809.3,93732.7,93753.48
2024-11-26T11:03:18.584,93714.4,93809.3,93732.72,93756.83
2024-11-26T11:03:18.604,93714.4,93809.3,93739.35,93757.79
2024-11-26T11:03:18.624,93714.4,93809.3,93735.555,93757.945
2024-11-26T11:03:18.644,93714.4,93809.3,93735.09,93757.79
2024-11-26T11:03:18.664,93714.4,93809.3,93734.414,93755.41
2024-11-26T11:03:18.684,93714.4,93809.3,93731.91,93756.016
2024-11-26T11:03:18.704,93714.4,93809.3,93730.84,93751.89
2024-11-26T11:03:18.724,93714.4,93809.3,93730.586,93752.71
2024-11-26T11:03:18.744,93714.4,93809.3,93731.14,93752.945
2024-11-26T11:03:18.764,93714.4,93809.3,93730.76,93752.6
2024-11-26T11:03:18.784,93714.4,93809.3,93730.336,93752.586
2024-11-26T11:03:18.804,93714.4,93809.3,93730.32,93752.4
2024-11-26T11:03:18.824,93714.4,93809.3,93730.32,93752.38
2024-11-26T11:03:18.844,93714.4,93809.3,93730.266,93752.195
2024-11-26T11:03:18.864,93714.4,93809.3,93730.29,93752.2
2024-11-26T11:03:18.884,93714.4,93809.3,93730.36,93752.06
2024-11-26T11:03:18.904,93714.4,93809.3,93730.34,93752.21
2024-11-26T11:03:18.924,93714.4,93809.3,93730.625,93752.2
2024-11-26T11:03:18.944,93714.4,93809.3,93730.62,93752.2
2024-11-26T11:03:18.964,93714.4,93809.3,93731.94,93752.17
2024-11-26T11:03:18.984,93714.4,93809.3,93733.555,93755.234
2024-11-26T11:03:19.004,93714.4,93809.3,93733.75,93755.19
2024-11-26T11:03:19.025,93714.4,93809.3,93733.93,93755.46
2024-11-26T11:03:19.044,93714.4,93809.3,93732.82,93755.54
2024-11-26T11:03:19.064,93714.4,93809.3,93732.875,93756.516
2024-11-26T11:03:19.084,93714.4,93809.3,93734.016,93757.38
2024-11-26T11:03:19.104,93714.4,93809.3,93734.016,93756.41
2024-11-26T11:03:19.124,93714.4,93809.3,93734.64,93753.76
2024-11-26T11:03:19.144,93714.4,93809.3,93734.65,93756.625
2024-11-26T11:03:19.164,93714.4,93809.3,93734.76,93757.23
2024-11-26T11:03:19.184,93714.4,93809.3,93734.805,93758.8
2024-11-26T11:03:19.204,93714.4,93809.3,93737.31,93758.8
2024-11-26T11:03:19.224,93714.4,93809.3,93737.92,93758.43
2024-11-26T11:03:19.244,93714.4,93809.3,93737.92,93758.48
2024-11-26T11:03:19.264,93714.4,93809.3,93737.96,93758.51
2024-11-26T11:03:19.284,93714.4,93809.3,93737.98,93758.32
2024-11-26T11:03:19.304,93714.4,93809.3,93737.98,93758.43
2024-11-26T11:03:19.344,93714.4,93809.3,93737.98,93758.06
2024-11-26T11:03:19.364,93714.4,93809.3,93738.46,93758.39
2024-11-26T11:03:19.384,93714.4,93809.3,93738.29,93758.48
2024-11-26T11:03:19.404,93714.4,93809.3,93740.375,93758.586
2024-11-26T11:03:19.424,93714.4,93809.3,93742.89,93756.86
2024-11-26T11:03:19.444,93714.4,93809.3,93741.625,93757.516
2024-11-26T11:03:19.464,93714.4,93809.3,93744.086,93760.48
2024-11-26T11:03:19.485,93714.4,93809.3,93745.22,93760.51
2024-11-26T11:03:19.504,93714.4,93809.3,93744.76,93760.305
2024-11-26T11:03:19.524,93714.4,93809.3,93744.5,93760.125
2024-11-26T11:03:19.544,93714.4,93809.3,93744.625,93760.18
2024-11-26T11:03:19.564,93714.4,93809.3,93744.625,93760.11
2024-11-26T11:03:19.584,93714.4,93809.3,93744.625,93760.1
2024-11-26T11:03:19.604,93714.4,93809.3,93744.5,93760.4
2024-11-26T11:03:19.624,93714.4,93809.3,93744.87,93761.086
2024-11-26T11:03:19.644,93714.4,93809.3,93744.85,93760.734
2024-11-26T11:03:19.664,93714.4,93809.3,93744.87,93760.734
2024-11-26T11:03:19.684,93714.4,93809.3,93744.62,93760.34
2024-11-26T11:03:19.704,93714.4,93809.3,93743.59,93759.83
2024-11-26T11:03:19.724,93714.4,93809.3,93746.05,93759.836
2024-11-26T11:03:19.745,93714.4,93809.3,93746.05,93759.836
2024-11-26T11:03:19.764,93714.4,93809.3,93745.7,93759.836
2024-11-26T11:03:19.784,93714.4,93809.3,93743.24,93760.06
2024-11-26T11:03:19.804,93714.4,93809.3,93743.24,93760.06
2024-11-26T11:03:19.824,93714.4,93809.3,93743.76,93761.12
2024-11-26T11:03:19.844,93714.4,93809.3,93743.76,93760.516
2024-11-26T11:03:19.864,93714.4,93809.3,93743.75,93760.1
2024-11-26T11:03:19.884,93714.4,93809.3,93743.2,93760.1
2024-11-26T11:03:19.904,93714.4,93809.3,93741.36,93759.89
2024-11-26T11:03:19.924,93714.4,93809.3,93739.45,93759.51
2024-11-26T11:03:19.944,93714.4,93809.3,93738.81,93759.25
2024-11-26T11:03:19.964,93714.4,93809.3,93738.64,93758.41
2024-11-26T11:03:19.984,93714.4,93809.3,93738.65,93758.32
2024-11-26T11:03:20.004,93714.4,93809.3,93738.54,93758.33
2024-11-26T11:03:20.024,93714.4,93809.3,93738.27,93758.31
2024-11-26T11:03:20.044,93714.4,93809.3,93738.16,93758.36
2024-11-26T11:03:20.064,93714.4,93809.3,93738.055,93758.414
2024-11-26T11:03:20.084,93714.4,93809.3,93738.055,93758.09
2024-11-26T11:03:20.104,93714.4,93809.3,93738.234,93758.06
2024-11-26T11:03:20.164,93714.4,93809.3,93737.74,93756.39
2024-11-26T11:03:20.184,93714.4,93809.3,93732.96,93751.59
2024-11-26T11:03:20.204,93714.4,93809.3,93731.414,93747.21
2024-11-26T11:03:20.224,93714.4,93809.3,93730.695,93747.94
2024-11-26T11:03:20.244,93714.4,93809.3,93730.57,93749.875
2024-11-26T11:03:20.264,93714.4,93809.3,93730.39,93748.27
2024-11-26T11:03:20.284,93714.4,93809.3,93730.41,93748.164
2024-11-26T11:03:20.304,93714.4,93809.3,93730.39,93748.46
2024-11-26T11:03:20.324,93714.4,93809.3,93729.01,93744.27
2024-11-26T11:03:20.344,93714.4,93809.3,93725.91,93738.914
2024-11-26T11:03:20.364,93714.4,93809.3,93724.55,93734.62
2024-11-26T11:03:20.384,93714.4,93809.3,93721.37,93732.25
2024-11-26T11:03:20.404,93714.4,93809.3,93721.24,93729.72
2024-11-26T11:03:20.424,93714.4,93809.3,93720.05,93732.125
2024-11-26T11:03:20.444,93714.4,93809.3,93720.086,93731.18
2024-11-26T11:03:20.464,93714.4,93809.3,93718.88,93727.74
2024-11-26T11:03:20.484,93714.4,93809.3,93718.83,93731.05
2024-11-26T11:03:20.504,93714.4,93809.3,93719.19,93732.516
2024-11-26T11:03:20.524,93714.4,93809.3,93719.4,93733.336
2024-11-26T11:03:20.544,93714.4,93809.3,93718.88,93733.26
2024-11-26T11:03:20.564,93714.2,93809.3,93718.69,93733.39
2024-11-26T11:03:20.584,93714.2,93809.3,93717.65,93733.63
2024-11-26T11:03:20.604,93714.2,93809.3,93719.07,93733.79
2024-11-26T11:03:20.625,93714.2,93809.3,93720.055,93736.266
2024-11-26T11:03:20.644,93714.2,93809.3,93720.164,93738.03
2024-11-26T11:03:20.664,93714.2,93809.3,93720.04,93739.65
2024-11-26T11:03:20.684,93714.2,93809.3,93721.85,93741.74
2024-11-26T11:03:20.704,93714.2,93809.3,93721.875,93742.15
2024-11-26T11:03:20.724,93714.2,93809.3,93721.4,93741.336
2024-11-26T11:03:20.744,93714.2,93809.3,93721.51,93741.42
2024-11-26T11:03:20.764,93714.2,93809.3,93722.02,93740.41
2024-11-26T11:03:20.784,93714.2,93809.3,93722.445,93740.81
2024-11-26T11:03:20.804,93714.2,93809.3,93722.38,93740.836
2024-11-26T11:03:20.824,93714.2,93809.3,93722.38,93740.74
2024-11-26T11:03:20.844,93714.2,93809.3,93722.4,93741.016
2024-11-26T11:03:20.864,93714.2,93809.3,93722.42,93740.19
2024-11-26T11:03:20.884,93714.2,93809.3,93722.44,93741.984
2024-11-26T11:03:20.904,93714.2,93809.3,93722.75,93742.07
2024-11-26T11:03:20.924,93714.2,93809.3,93722.5,93742.37
2024-11-26T11:03:20.944,93713.0,93809.3,93722.125,93743.734
2024-11-26T11:03:20.964,93713.0,93809.3,93722.945,93746.32
2024-11-26T11:03:20.984,93713.0,93809.3,93723.375,93746.44
2024-11-26T11:03:21.004,93713.0,93809.3,93729.27,93749.98
2024-11-26T11:03:21.024,93713.0,93809.3,93729.35,93750.42
2024-11-26T11:03:21.044,93713.0,93809.3,93727.93,93749.95
2024-11-26T11:03:21.065,93713.0,93809.3,93728.75,93750.02
2024-11-26T11:03:21.084,93713.0,93809.3,93728.164,93750.08
2024-11-26T11:03:21.104,93713.0,93809.3,93728.54,93750.75
2024-11-26T11:03:21.124,93713.0,93809.3,93728.68,93750.74
2024-11-26T11:03:21.145,93713.0,93809.3,93728.31,93750.82
2024-11-26T11:03:21.164,93713.0,93809.3,93728.52,93750.73
2024-11-26T11:03:21.184,93713.0,93809.3,93727.945,93750.66
2024-11-26T11:03:21.204,93713.0,93809.3,93727.3,93748.234
2024-11-26T11:03:21.224,93713.0,93809.3,93725.69,93748.29
2024-11-26T11:03:21.244,93713.0,93809.3,93725.29,93748.375
2024-11-26T11:03:21.264,93713.0,93809.3,93725.27,93748.305
2024-11-26T11:03:21.304,93713.0,93809.3,93725.27,93748.305
2024-11-26T11:03:21.324,93713.0,93809.3,93726.19,93748.41
2024-11-26T11:03:21.344,93713.0,93809.3,93726.664,93748.4
2024-11-26T11:03:21.364,93713.0,93809.3,93727.805,93748.55
2024-11-26T11:03:21.384,93713.0,93809.3,93729.31,93748.53
2024-11-26T11:03:21.404,93713.0,93809.3,93728.875,93748.55
2024-11-26T11:03:21.424,93713.0,93809.3,93730.51,93749.04
2024-11-26T11:03:21.444,93713.0,93809.3,93730.664,93749.9
2024-11-26T11:03:21.464,93713.0,93809.3,93730.92,93752.14
2024-11-26T11:03:21.484,93713.0,93809.3,93732.4,93752.62
2024-11-26T11:03:21.505,93713.0,93809.3,93734.195,93754.016
2024-11-26T11:03:21.524,93713.0,93809.3,93734.51,93753.99
2024-11-26T11:03:21.545,93713.0,93809.3,93734.33,93756.67
2024-11-26T11:03:21.564,93713.0,93809.3,93734.2,93757.04
2024-11-26T11:03:21.584,93713.0,93809.3,93734.86,93759.516
2024-11-26T11:03:21.604,93713.0,93809.3,93735.43,93759.586
2024-11-26T11:03:21.624,93713.0,93809.3,93735.17,93759.82
2024-11-26T11:03:21.644,93713.0,93809.3,93735.49,93759.82
2024-11-26T11:03:21.664,93713.0,93809.3,93735.41,93759.78
2024-11-26T11:03:21.684,93713.0,93809.3,93735.37,93758.72
2024-11-26T11:03:21.704,93713.0,93809.3,93735.34,93758.7
2024-11-26T11:03:21.724,93713.0,93809.3,93735.36,93758.7
2024-11-26T11:03:21.764,93713.0,93809.3,93735.28,93758.664
2024-11-26T11:03:21.784,93713.0,93809.3,93735.27,93758.57
2024-11-26T11:03:21.804,93713.0,93809.3,93735.3,93758.43
2024-11-26T11:03:21.864,93713.0,93809.3,93735.22,93758.555
2024-11-26T11:03:21.884,93713.0,93809.3,93735.25,93758.43
2024-11-26T11:03:21.904,93713.0,93809.3,93740.375,93761.51
2024-11-26T11:03:21.924,93713.0,93809.3,93740.96,93761.67
2024-11-26T11:03:21.944,93713.0,93809.3,93740.45,93762.125
2024-11-26T11:03:21.964,93713.0,93809.3,93744.95,93764.49
2024-11-26T11:03:21.984,93713.0,93809.3,93744.51,93764.375
2024-11-26T11:03:22.004,93713.0,93809.3,93747.4,93768.08
2024-11-26T11:03:22.024,93713.0,93809.3,93754.7,93769.73
2024-11-26T11:03:22.045,93713.0,93809.3,93750.49,93769.75
2024-11-26T11:03:22.064,93713.0,93809.3,93754.73,93773.086
2024-11-26T11:03:22.084,93713.0,93809.3,93754.73,93773.28
2024-11-26T11:03:22.104,93713.0,93809.3,93754.73,93773.37
2024-11-26T11:03:22.124,93713.0,93809.3,93755.25,93773.67
2024-11-26T11:03:22.144,93713.0,93809.3,93755.05,93773.73
2024-11-26T11:03:22.164,93713.0,93809.3,93755.79,93774.79
2024-11-26T11:03:22.184,93713.0,93809.3,93755.836,93775.125
2024-11-26T11:03:22.204,93713.0,93809.3,93756.54,93775.125
2024-11-26T11:03:22.224,93713.0,93809.3,93757.25,93776.43
2024-11-26T11:03:22.244,93713.0,93809.3,93757.05,93776.01
2024-11-26T11:03:22.264,93713.0,93809.3,93757.125,93776.82
2024-11-26T11:03:22.284,93713.0,93809.3,93756.95,93777.375
2024-11-26T11:03:22.304,93713.0,93809.3,93756.766,93776.97
2024-11-26T11:03:22.324,93713.0,93809.3,93756.76,93777.03
2024-11-26T11:03:22.344,93713.0,93809.3,93756.99,93776.97
2024-11-26T11:03:22.364,93713.0,93809.3,93757.05,93775.766
2024-11-26T11:03:22.384,93713.0,93809.3,93757.05,93775.68
2024-11-26T11:03:22.404,93713.0,93809.3,93757.05,93776.13
2024-11-26T11:03:22.424,93713.0,93809.3,93757.055,93776.85
2024-11-26T11:03:22.444,93713.0,93809.3,93757.54,93777.336
2024-11-26T11:03:22.464,93713.0,93809.3,93758.06,93776.09
2024-11-26T11:03:22.484,93713.0,93809.3,93758.06,93773.89
2024-11-26T11:03:22.504,93713.0,93809.3,93757.63,93773.16
2024-11-26T11:03:22.524,93713.0,93809.3,93757.47,93772.69
2024-11-26T11:03:22.544,93713.0,93809.3,93757.25,93772.42
2024-11-26T11:03:22.564,93713.0,93809.3,93756.63,93772.43
2024-11-26T11:03:22.584,93713.0,93809.3,93756.914,93772.73
2024-11-26T11:03:22.604,93713.0,93809.3,93756.28,93774.03
2024-11-26T11:03:22.624,93713.0,93809.3,93755.76,93775.67
2024-11-26T11:03:22.644,93713.0,93809.3,93755.78,93775.81
2024-11-26T11:03:22.664,93713.0,93809.3,93756.53,93775.805
2024-11-26T11:03:22.684,93713.0,93809.3,93756.52,93775.84
2024-11-26T11:03:22.704,93713.0,93809.3,93756.5,93776.36
2024-11-26T11:03:22.724,93713.0,93809.3,93756.484,93776.72
2024-11-26T11:03:22.744,93713.0,93809.3,93756.484,93776.36
2024-11-26T11:03:22.764,93713.0,93809.3,93756.484,93776.42
2024-11-26T11:03:22.785,93713.0,93809.3,93760.56,93776.15
2024-11-26T11:03:22.804,93713.0,93809.3,93760.0,93777.11
2024-11-26T11:03:22.824,93713.0,93809.3,93760.08,93777.08
2024-11-26T11:03:22.844,93713.0,93809.3,93760.08,93777.07
2024-11-26T11:03:22.864,93713.0,93809.3,93760.03,93777.35
2024-11-26T11:03:22.884,93713.0,93809.3,93759.98,93777.42
2024-11-26T11:03:22.904,93713.0,93809.3,93759.97,93776.93
2024-11-26T11:03:22.924,93713.0,93809.3,93759.44,93774.14
2024-11-26T11:03:22.944,93713.0,93809.3,93757.28,93773.69
2024-11-26T11:03:22.964,93713.0,93809.3,93757.29,93773.69
2024-11-26T11:03:22.985,93713.0,93809.3,93757.31,93773.6
2024-11-26T11:03:23.004,93713.0,93809.3,93757.37,93773.125
2024-11-26T11:03:23.045,93713.0,93809.3,93757.67,93773.125
2024-11-26T11:03:23.064,93713.0,93809.3,93757.81,93773.125
2024-11-26T11:03:23.085,93713.0,93809.3,93758.37,93773.84
2024-11-26T11:03:23.104,93713.0,93809.3,93758.39,93773.96
2024-11-26T11:03:23.124,93713.0,93809.3,93757.67,93774.766
2024-11-26T11:03:23.144,93713.0,93809.3,93757.46,93777.29
2024-11-26T11:03:23.164,93713.0,93809.3,93757.28,93776.875
2024-11-26T11:03:23.184,93713.0,93809.3,93757.52,93777.73
2024-11-26T11:03:23.204,93713.0,93809.3,93757.336,93777.9
2024-11-26T11:03:23.224,93713.0,93809.3,93757.414,93777.79
2024-11-26T11:03:23.244,93713.0,93809.3,93757.336,93777.85
2024-11-26T11:03:23.264,93713.0,93809.3,93757.336,93777.98
2024-11-26T11:03:23.284,93713.0,93809.3,93757.47,93777.54
2024-11-26T11:03:23.305,93713.0,93809.3,93757.44,93777.47
2024-11-26T11:03:23.324,93713.0,93809.3,93757.44,93778.15
2024-11-26T11:03:23.344,93713.0,93809.3,93758.625,93778.39
2024-11-26T11:03:23.364,93713.0,93809.3,93758.52,93779.35
2024-11-26T11:03:23.384,93713.0,93809.3,93763.55,93780.266
2024-11-26T11:03:23.404,93713.0,93809.3,93766.52,93782.55
2024-11-26T11:03:23.424,93713.0,93809.3,93767.97,93785.45
2024-11-26T11:03:23.444,93713.0,93809.3,93766.44,93785.92
2024-11-26T11:03:23.464,93713.0,93809.3,93766.375,93785.92
2024-11-26T11:03:23.484,93713.0,93809.3,93766.484,93786.266
2024-11-26T11:03:23.504,93713.0,93809.3,93766.51,93785.04
2024-11-26T11:03:23.524,93713.0,93809.3,93767.92,93784.74
2024-11-26T11:03:23.544,93713.0,93809.3,93767.695,93782.4
2024-11-26T11:03:23.564,93713.0,93809.3,93767.93,93781.91
2024-11-26T11:03:23.584,93713.0,93809.3,93767.9,93781.79
2024-11-26T11:03:23.604,93713.0,93809.3,93767.29,93780.414
2024-11-26T11:03:23.624,93713.0,93809.3,93766.914,93779.85
2024-11-26T11:03:23.644,93713.0,93809.3,93762.76,93779.86
2024-11-26T11:03:23.665,93713.0,93809.3,93761.984,93780.59
2024-11-26T11:03:23.684,93713.0,93809.3,93762.3,93781.24
2024-11-26T11:03:23.705,93713.0,93809.3,93761.805,93781.24
2024-11-26T11:03:23.724,93713.0,93809.3,93762.08,93781.71
2024-11-26T11:03:23.744,93713.0,93809.3,93762.29,93781.71
2024-11-26T11:03:23.764,93713.0,93809.3,93762.28,93781.76
2024-11-26T11:03:23.784,93713.0,93809.3,93762.586,93781.75
2024-11-26T11:03:23.804,93713.0,93809.3,93762.586,93782.625
2024-11-26T11:03:23.824,93713.0,93809.3,93763.445,93783.08
2024-11-26T11:03:23.844,93713.0,93809.3,93764.86,93783.164
2024-11-26T11:03:23.864,93713.0,93809.3,93765.41,93783.12
2024-11-26T11:03:23.884,93713.0,93809.3,93765.41,93783.06
2024-11-26T11:03:23.904,93713.0,93809.3,93765.5,93783.69
2024-11-26T11:03:23.924,93713.0,93809.3,93765.5,93783.93
2024-11-26T11:03:23.944,93713.0,93809.3,93765.5,93783.93
2024-11-26T11:03:24.004,93713.0,93809.3,93765.55,93783.87
2024-11-26T11:03:24.024,93713.0,93809.3,93766.31,93783.945
2024-11-26T11:03:24.044,93713.0,93809.3,93766.24,93783.86
2024-11-26T11:03:24.064,93713.0,93809.3,93765.45,93783.86
2024-11-26T11:03:24.084,93713.0,93809.3,93765.45,93783.86
2024-11-26T11:03:24.104,93713.0,93809.3,93765.45,93783.875
2024-11-26T11:03:24.124,93713.0,93809.3,93765.445,93783.875
2024-11-26T11:03:24.144,93713.0,93809.3,93765.445,93783.875
2024-11-26T11:03:24.224,93713.0,93809.3,93765.445,93783.875
2024-11-26T11:03:24.244,93713.0,93809.3,93765.47,93783.875
2024-11-26T11:03:24.284,93713.0,93809.3,93766.06,93780.81
2024-11-26T11:03:24.304,93713.0,93809.3,93766.13,93779.73
2024-11-26T11:03:24.324,93713.0,93809.3,93766.56,93779.72
2024-11-26T11:03:24.344,93713.0,93809.3,93766.586,93779.99
2024-11-26T11:03:24.364,93713.0,93809.3,93766.625,93782.195
2024-11-26T11:03:24.384,93713.0,93809.3,93766.625,93782.26
2024-11-26T11:03:24.404,93713.0,93809.3,93765.95,93784.19
2024-11-26T11:03:24.424,93713.0,93809.3,93766.2,93785.26
2024-11-26T11:03:24.444,93713.0,93809.3,93765.48,93785.234
2024-11-26T11:03:24.464,93713.0,93809.3,93772.33,93785.82
2024-11-26T11:03:24.484,93713.0,93809.3,93776.09,93785.21
2024-11-26T11:03:24.504,93713.0,93809.3,93769.766,93786.4
2024-11-26T11:03:24.524,93713.0,93809.3,93770.805,93787.07
2024-11-26T11:03:24.544,93713.0,93809.3,93772.7,93787.375
2024-11-26T11:03:24.564,93713.0,93809.3,93772.75,93787.375
2024-11-26T11:03:24.584,93713.0,93809.3,93772.81,93787.38
2024-11-26T11:03:24.604,93713.0,93809.3,93772.4,93788.44
2024-11-26T11:03:24.624,93713.0,93809.3,93771.45,93788.65
2024-11-26T11:03:24.644,93713.0,93809.3,93772.2,93788.836
2024-11-26T11:03:24.664,93713.0,93809.3,93772.305,93789.01
2024-11-26T11:03:24.684,93713.0,93809.3,93772.09,93789.01
2024-11-26T11:03:24.704,93713.0,93809.3,93772.32,93789.01
2024-11-26T11:03:24.724,93713.0,93809.3,93771.98,93789.1
2024-11-26T11:03:24.744,93713.0,93809.3,93772.05,93789.21
2024-11-26T11:03:24.764,93713.0,93809.3,93771.97,93788.34
2024-11-26T11:03:24.784,93713.0,93809.3,93772.52,93786.28
2024-11-26T11:03:24.804,93713.0,93809.3,93771.94,93786.266
2024-11-26T11:03:24.824,93713.0,93809.3,93771.984,93786.73
2024-11-26T11:03:24.844,93713.0,93809.3,93772.086,93787.375
2024-11-26T11:03:24.864,93713.0,93809.3,93772.17,93788.77
2024-11-26T11:03:24.884,93713.0,93809.3,93773.29,93788.79
2024-11-26T11:03:24.924,93713.0,93809.3,93773.13,93788.79
2024-11-26T11:03:24.944,93713.0,93809.3,93773.28,93788.93
2024-11-26T11:03:24.964,93713.0,93809.3,93771.97,93789.71
2024-11-26T11:03:24.984,93713.0,93809.3,93772.99,93790.47
2024-11-26T11:03:25.004,93713.0,93809.3,93774.65,93790.7
2024-11-26T11:03:25.024,93713.0,93809.3,93774.69,93790.99
2024-11-26T11:03:25.044,93713.0,93809.3,93774.69,93791.33
2024-11-26T11:03:25.064,93713.0,93809.3,93774.69,93791.43
2024-11-26T11:03:25.084,93713.0,93809.3,93775.6,93790.3
2024-11-26T11:03:25.104,93713.0,93809.3,93775.45,93789.305
2024-11-26T11:03:25.124,93713.0,93809.3,93775.29,93789.27
2024-11-26T11:03:25.144,93713.0,93809.3,93775.29,93788.97
2024-11-26T11:03:25.164,93713.0,93809.3,93775.34,93790.05
2024-11-26T11:03:25.184,93713.0,93809.3,93774.664,93790.664
2024-11-26T11:03:25.204,93713.0,93809.3,93774.73,93790.086
2024-11-26T11:03:25.224,93713.0,93809.3,93773.945,93790.21
2024-11-26T11:03:25.244,93713.0,93809.3,93773.945,93790.27
2024-11-26T11:03:25.264,93713.0,93809.3,93773.945,93791.77
2024-11-26T11:03:25.284,93713.0,93809.3,93773.67,93792.01
2024-11-26T11:03:25.304,93713.0,93809.3,93777.26,93792.69
2024-11-26T11:03:25.324,93713.0,93809.3,93778.85,93793.84
2024-11-26T11:03:25.344,93713.0,93809.3,93783.88,93799.28
2024-11-26T11:03:25.364,93713.0,93809.3,93780.62,93799.39
2024-11-26T11:03:25.384,93713.0,93809.3,93780.875,93799.84
2024-11-26T11:03:25.404,93713.0,93809.3,93780.53,93799.91
2024-11-26T11:03:25.424,93713.0,93809.3,93780.234,93799.86
2024-11-26T11:03:25.444,93713.0,93809.3,93780.11,93799.71
2024-11-26T11:03:25.464,93713.0,93809.3,93780.29,93799.71
2024-11-26T11:03:25.484,93713.0,93809.3,93780.3,93799.71
2024-11-26T11:03:25.504,93713.0,93809.3,93780.125,93799.73
2024-11-26T11:03:25.524,93713.0,93809.3,93780.32,93799.73
2024-11-26T11:03:25.544,93713.0,93809.3,93780.29,93799.75
2024-11-26T11:03:25.564,93713.0,93809.3,93780.27,93799.8
2024-11-26T11:03:25.584,93713.0,93809.3,93780.17,93799.8
2024-11-26T11:03:25.604,93713.0,93809.3,93780.29,93799.8
2024-11-26T11:03:25.624,93713.0,93809.3,93780.43,93799.8
2024-11-26T11:03:25.644,93713.0,93809.3,93780.43,93799.8
2024-11-26T11:03:25.664,93713.0,93809.3,93780.0,93799.664
2024-11-26T11:03:25.684,93713.0,93809.3,93779.84,93799.59
2024-11-26T11:03:25.704,93713.0,93809.3,93779.875,93799.14
2024-11-26T11:03:25.725,93713.0,93809.3,93778.39,93798.06
2024-11-26T11:03:25.744,93713.0,93809.3,93775.27,93797.945
2024-11-26T11:03:25.764,93713.0,93809.3,93775.26,93797.914
2024-11-26T11:03:25.785,93713.0,93809.3,93776.69,93797.914
2024-11-26T11:03:25.804,93713.0,93809.3,93776.9,93798.18
2024-11-26T11:03:25.825,93713.0,93809.3,93778.78,93799.06
2024-11-26T11:03:25.844,93713.0,93809.3,93778.73,93799.25
2024-11-26T11:03:25.864,93713.0,93809.3,93778.9,93799.24
2024-11-26T11:03:25.884,93713.0,93809.3,93779.13,93799.625
2024-11-26T11:03:25.904,93713.0,93809.3,93779.13,93799.68
2024-11-26T11:03:25.924,93713.0,93809.3,93779.11,93799.72
2024-11-26T11:03:25.944,93713.0,93809.3,93779.125,93799.695
2024-11-26T11:03:25.964,93713.0,93809.3,93779.08,93799.78
2024-11-26T11:03:25.984,93713.0,93809.3,93779.086,93799.8
2024-11-26T11:03:26.004,93713.0,93809.3,93779.086,93799.7
2024-11-26T11:03:26.024,93713.0,93809.3,93779.52,93799.78
2024-11-26T11:03:26.064,93713.0,93809.3,93779.52,93799.8
2024-11-26T11:03:26.084,93713.0,93809.3,93781.445,93799.805
2024-11-26T11:03:26.104,93713.0,93809.3,93780.555,93799.805
2024-11-26T11:03:26.124,93713.0,93809.3,93780.555,93799.805
2024-11-26T11:03:26.144,93713.0,93809.3,93780.21,93799.805
2024-11-26T11:03:26.164,93713.0,93809.3,93780.14,93799.805
2024-11-26T11:03:26.184,93713.0,93809.3,93779.96,93798.9
2024-11-26T11:03:26.204,93713.0,93809.3,93779.52,93798.5
2024-11-26T11:03:26.224,93713.0,93809.3,93780.24,93798.5
2024-11-26T11:03:26.244,93713.0,93809.3,93780.28,93798.8
2024-11-26T11:03:26.264,93713.0,93809.3,93780.195,93799.5
2024-11-26T11:03:26.284,93713.0,93809.3,93780.27,93799.71
2024-11-26T11:03:26.304,93713.0,93809.3,93780.31,93799.78
2024-11-26T11:03:26.344,93713.0,93809.3,93780.2,93799.836
2024-11-26T11:03:26.364,93713.0,93809.3,93780.24,93799.86
2024-11-26T11:03:26.384,93713.0,93809.3,93780.086,93800.05
2024-11-26T11:03:26.404,93713.0,93809.3,93780.086,93800.05
2024-11-26T11:03:26.424,93713.0,93809.3,93780.08,93800.06
2024-11-26T11:03:26.444,93713.0,93809.3,93780.555,93800.04
2024-11-26T11:03:26.464,93713.0,93809.3,93780.47,93800.03
2024-11-26T11:03:26.484,93713.0,93809.3,93781.805,93800.03
2024-11-26T11:03:26.504,93713.0,93809.3,93783.07,93800.04
2024-11-26T11:03:26.524,93713.0,93809.3,93783.055,93800.05
2024-11-26T11:03:26.544,93713.0,93809.3,93788.15,93800.375
2024-11-26T11:03:26.564,93713.0,93809.3,93788.19,93800.54
2024-11-26T11:03:26.584,93713.0,93809.3,93788.16,93800.6
2024-11-26T11:03:26.604,93713.0,93809.3,93787.97,93800.43
2024-11-26T11:03:26.624,93713.0,93809.3,93791.125,93800.65
2024-11-26T11:03:26.644,93713.0,93809.3,93788.12,93800.51
2024-11-26T11:03:26.664,93713.0,93809.3,93788.89,93800.39
2024-11-26T11:03:26.684,93713.0,93809.3,93790.31,93800.53
2024-11-26T11:03:26.704,93713.0,93809.3,93790.34,93800.64
2024-11-26T11:03:26.724,93713.0,93809.3,93789.28,93800.54
2024-11-26T11:03:26.744,93713.0,93809.3,93786.734,93800.5
2024-11-26T11:03:26.764,93713.0,93809.3,93785.89,93800.8
2024-11-26T11:03:26.784,93713.0,93809.3,93785.984,93800.8
2024-11-26T11:03:26.804,93713.0,93809.3,93787.56,93800.82
2024-11-26T11:03:26.825,93713.0,93809.3,93787.555,93800.82
2024-11-26T11:03:26.844,93713.0,93809.3,93787.45,93800.5
2024-11-26T11:03:26.864,93713.0,93809.3,93787.375,93800.5
2024-11-26T11:03:26.904,93713.0,93809.3,93787.38,93800.49
2024-11-26T11:03:26.924,93713.0,93809.3,93786.66,93800.35
2024-11-26T11:03:26.944,93713.0,93809.3,93786.75,93800.35
2024-11-26T11:03:26.964,93713.0,93809.3,93786.75,93800.51
2024-11-26T11:03:26.985,93713.0,93809.3,93787.875,93800.52
2024-11-26T11:03:27.004,93713.0,93809.3,93787.875,93800.52
2024-11-26T11:03:27.025,93713.0,93809.3,93787.875,93800.53
2024-11-26T11:03:27.044,93713.0,93809.3,93788.46,93800.53
2024-11-26T11:03:27.064,93713.0,93809.3,93788.57,93800.63
2024-11-26T11:03:27.084,93713.0,93809.3,93788.52,93800.734
2024-11-26T11:03:27.104,93713.0,93809.3,93788.5,93800.734
2024-11-26T11:03:27.124,93713.0,93809.3,93788.414,93800.695
2024-11-26T11:03:27.144,93713.0,93809.3,93788.414,93800.734
2024-11-26T11:03:27.164,93713.0,93809.3,93788.8,93800.695
2024-11-26T11:03:27.184,93713.0,93809.3,93788.12,93800.59
2024-11-26T11:03:27.205,93713.0,93809.3,93787.83,93800.59
2024-11-26T11:03:27.225,93713.0,93809.3,93787.5,93800.555
2024-11-26T11:03:27.245,93713.0,93809.3,93786.836,93800.55
2024-11-26T11:03:27.264,93713.0,93809.3,93787.13,93800.55
2024-11-26T11:03:27.285,93713.0,93809.3,93787.79,93800.55
2024-11-26T11:03:27.304,93713.0,93809.3,93788.25,93800.56
2024-11-26T11:03:27.324,93713.0,93809.3,93787.65,93800.55
2024-11-26T11:03:27.344,93713.0,93809.3,93787.69,93800.41
2024-11-26T11:03:27.364,93713.0,93809.3,93787.69,93800.41
2024-11-26T11:03:27.424,93713.0,93809.3,93787.37,93800.41
2024-11-26T11:03:27.444,93713.0,93809.3,93786.67,93800.39
2024-11-26T11:03:27.464,93713.0,93809.3,93787.445,93800.39
2024-11-26T11:03:27.484,93713.0,93809.3,93787.16,93800.73
2024-11-26T11:03:27.504,93713.0,93809.3,93782.51,93800.67
2024-11-26T11:03:27.524,93713.0,93809.3,93781.94,93800.67
2024-11-26T11:03:27.544,93713.0,93809.3,93781.195,93800.67
2024-11-26T11:03:27.564,93713.0,93809.3,93781.28,93800.67
2024-11-26T11:03:27.584,93713.0,93809.3,93781.305,93800.67
2024-11-26T11:03:27.604,93713.0,93809.3,93780.91,93800.67
2024-11-26T11:03:27.624,93713.0,93809.3,93781.37,93800.68
2024-11-26T11:03:27.644,93713.0,93809.3,93782.016,93800.68
2024-11-26T11:03:27.664,93713.0,93809.3,93782.62,93800.68
2024-11-26T11:03:27.704,93713.0,93809.3,93782.016,93800.67
2024-11-26T11:03:27.724,93713.0,93809.3,93782.016,93800.68
2024-11-26T11:03:27.744,93713.0,93809.3,93782.67,93800.68
2024-11-26T11:03:27.764,93713.0,93809.3,93784.9,93800.695
2024-11-26T11:03:27.784,93713.0,93809.3,93787.17,93800.6
2024-11-26T11:03:27.804,93713.0,93809.3,93788.22,93800.41
2024-11-26T11:03:27.824,93713.0,93809.3,93787.45,93800.4
2024-11-26T11:03:27.844,93713.0,93809.3,93787.1,93800.305
2024-11-26T11:03:27.864,93713.0,93809.3,93787.1,93800.3
2024-11-26T11:03:27.885,93713.0,93809.3,93786.76,93800.29
2024-11-26T11:03:27.904,93713.0,93809.3,93785.84,93800.625
2024-11-26T11:03:27.924,93713.0,93809.3,93783.766,93800.625
2024-11-26T11:03:27.944,93713.0,93809.3,93782.445,93800.625
2024-11-26T11:03:27.964,93713.0,93809.3,93781.18,93800.61
2024-11-26T11:03:27.984,93713.0,93809.3,93780.55,93800.23
2024-11-26T11:03:28.004,93713.0,93809.3,93781.58,93798.414
2024-11-26T11:03:28.024,93713.0,93809.3,93780.24,93798.42
2024-11-26T11:03:28.044,93713.0,93809.3,93779.914,93798.48
2024-11-26T11:03:28.064,93713.0,93809.3,93780.39,93798.48
2024-11-26T11:03:28.084,93713.0,93809.3,93779.73,93797.08
2024-11-26T11:03:28.104,93713.0,93809.3,93779.664,93797.52
2024-11-26T11:03:28.124,93713.0,93809.3,93779.5,93797.805
2024-11-26T11:03:28.144,93713.0,93809.3,93779.555,93797.8
2024-11-26T11:03:28.164,93713.0,93809.3,93779.66,93797.805
2024-11-26T11:03:28.184,93713.0,93809.3,93781.15,93797.81
2024-11-26T11:03:28.204,93713.0,93809.3,93781.13,93797.81
2024-11-26T11:03:28.225,93713.0,93809.3,93781.25,93797.83
2024-11-26T11:03:28.244,93713.0,93809.3,93780.61,93797.84
2024-11-26T11:03:28.264,93713.0,93809.3,93780.56,93797.84
2024-11-26T11:03:28.284,93713.0,93809.3,93777.77,93794.75
2024-11-26T11:03:28.304,93713.0,93809.3,93777.66,93797.234
2024-11-26T11:03:28.324,93713.0,93809.3,93777.28,93797.89
2024-11-26T11:03:28.344,93713.0,93809.3,93777.81,93798.11
2024-11-26T11:03:28.364,93713.0,93809.3,93777.15,93798.24
2024-11-26T11:03:28.384,93713.0,93809.3,93777.87,93798.11
2024-11-26T11:03:28.404,93713.0,93809.3,93777.88,93798.12
2024-11-26T11:03:28.424,93713.0,93809.3,93777.93,93798.16
2024-11-26T11:03:28.444,93713.0,93809.3,93778.53,93798.16
2024-11-26T11:03:28.464,93713.0,93809.3,93779.81,93797.91
2024-11-26T11:03:28.484,93713.0,93809.3,93779.59,93797.86
2024-11-26T11:03:28.504,93713.0,93809.3,93779.586,93797.86
2024-11-26T11:03:28.524,93713.0,93809.3,93778.59,93797.9
2024-11-26T11:03:28.544,93713.0,93809.3,93778.56,93798.27
2024-11-26T11:03:28.564,93713.0,93809.3,93779.39,93798.57
2024-11-26T11:03:28.584,93713.0,93809.3,93781.5,93798.31
2024-11-26T11:03:28.604,93713.0,93809.3,93781.51,93798.305
2024-11-26T11:03:28.624,93713.0,93809.3,93781.51,93798.305
2024-11-26T11:03:28.644,93713.0,93809.3,93781.51,93798.32
2024-11-26T11:03:28.664,93713.0,93809.3,93780.78,93798.32
2024-11-26T11:03:28.684,93713.0,93809.3,93780.85,93798.336
2024-11-26T11:03:28.704,93713.0,93809.3,93781.164,93798.95
2024-11-26T11:03:28.724,93713.0,93809.3,93780.76,93798.8
2024-11-26T11:03:28.745,93713.0,93809.3,93780.055,93798.8
2024-11-26T11:03:28.764,93713.0,93809.3,93780.04,93798.77
2024-11-26T11:03:28.784,93713.0,93809.3,93779.98,93798.77
2024-11-26T11:03:28.804,93713.0,93809.3,93778.375,93798.71
2024-11-26T11:03:28.824,93713.0,93809.3,93778.414,93798.6
2024-11-26T11:03:28.844,93713.0,93809.3,93778.43,93798.47
2024-11-26T11:03:28.864,93713.0,93809.3,93778.43,93798.47
2024-11-26T11:03:28.884,93713.0,93809.3,93778.43,93798.46
2024-11-26T11:03:28.904,93713.0,93809.3,93778.375,93798.68
2024-11-26T11:03:28.924,93713.0,93809.3,93778.38,93798.68
2024-11-26T11:03:28.944,93713.0,93809.3,93778.36,93798.68
2024-11-26T11:03:28.964,93713.0,93809.3,93778.36,93798.67
2024-11-26T11:03:28.984,93713.0,93809.3,93778.36,93798.68
2024-11-26T11:03:29.004,93713.0,93809.3,93778.36,93798.67
2024-11-26T11:03:29.044,93713.0,93809.3,93778.36,93798.83
2024-11-26T11:03:29.064,93713.0,93809.3,93781.055,93799.11
2024-11-26T11:03:29.084,93713.0,93809.3,93781.58,93799.3
2024-11-26T11:03:29.104,93713.0,93809.3,93781.59,93799.18
2024-11-26T11:03:29.124,93713.0,93809.3,93781.44,93799.17
2024-11-26T11:03:29.145,93713.0,93809.3,93781.445,93799.19
2024-11-26T11:03:29.164,93713.0,93809.3,93781.445,93799.18
2024-11-26T11:03:29.184,93713.0,93809.3,93780.766,93799.18
2024-11-26T11:03:29.225,93713.0,93809.3,93780.875,93799.39
2024-11-26T11:03:29.244,93713.0,93809.3,93781.31,93798.96
2024-11-26T11:03:29.264,93713.0,93809.3,93781.18,93798.74
2024-11-26T11:03:29.285,93713.0,93809.3,93781.23,93798.74
2024-11-26T11:03:29.304,93713.0,93809.3,93780.95,93798.74
2024-11-26T11:03:29.324,93713.0,93809.3,93778.65,93798.74
2024-11-26T11:03:29.344,93713.0,93809.3,93778.66,93798.555
2024-11-26T11:03:29.364,93713.0,93809.3,93778.52,93798.24
2024-11-26T11:03:29.384,93713.0,93809.3,93778.52,93797.93
2024-11-26T11:03:29.404,93713.0,93809.3,93778.49,93798.086
2024-11-26T11:03:29.424,93713.0,93809.3,93778.49,93798.15
2024-11-26T11:03:29.444,93713.0,93809.3,93778.49,93798.16
2024-11-26T11:03:29.464,93713.0,93809.3,93778.49,93798.15
2024-11-26T11:03:29.484,93713.0,93809.3,93778.49,93798.15
2024-11-26T11:03:29.504,93713.0,93809.3,93778.46,93798.086
2024-11-26T11:03:29.524,93713.0,93809.3,93778.49,93798.086
2024-11-26T11:03:29.544,93713.0,93809.3,93778.49,93798.09
2024-11-26T11:03:29.564,93713.0,93809.3,93778.49,93798.086
2024-11-26T11:03:29.744,93713.0,93809.3,93778.51,93798.086
2024-11-26T11:03:29.764,93713.0,93809.3,93778.51,93798.1
2024-11-26T11:03:29.824,93713.0,93809.3,93778.484,93798.1
2024-11-26T11:03:29.864,93713.0,93809.3,93778.484,93798.1
2024-11-26T11:03:29.904,93713.0,93809.3,93778.42,93798.1
2024-11-26T11:03:29.924,93713.0,93809.3,93778.47,93798.164
2024-11-26T11:03:30.004,93713.0,93809.3,93778.47,93798.164
2024-11-26T11:03:30.044,93713.0,93809.3,93778.47,93798.14
2024-11-26T11:03:30.064,93713.0,93809.3,93778.51,93798.14
2024-11-26T11:03:30.104,93713.0,93809.3,93778.945,93798.15
2024-11-26T11:03:30.124,93713.0,93809.3,93780.81,93798.2
2024-11-26T11:03:30.144,93713.0,93809.3,93780.53,93798.375
2024-11-26T11:03:30.164,93713.0,93809.3,93780.65,93798.85
2024-11-26T11:03:30.185,93713.0,93809.3,93780.766,93798.68
2024-11-26T11:03:30.204,93713.0,93809.3,93780.766,93798.88
2024-11-26T11:03:30.224,93713.0,93809.3,93780.484,93798.336
2024-11-26T11:03:30.244,93713.0,93809.3,93780.805,93798.26
2024-11-26T11:03:30.265,93713.0,93809.3,93780.91,93798.41
2024-11-26T11:03:30.284,93713.0,93809.3,93780.805,93798.414
2024-11-26T11:03:30.304,93713.0,93809.3,93781.1,93798.52
2024-11-26T11:03:30.324,93713.0,93809.3,93780.79,93798.336
2024-11-26T11:03:30.344,93713.0,93809.3,93780.586,93798.19
2024-11-26T11:03:30.364,93713.0,93809.3,93780.625,93797.91
2024-11-26T11:03:30.385,93713.0,93809.3,93778.5,93797.88
2024-11-26T11:03:30.404,93713.0,93809.3,93778.53,93797.67
2024-11-26T11:03:30.424,93713.0,93809.3,93778.52,93797.586
2024-11-26T11:03:30.444,93713.0,93809.3,93778.05,93797.586
2024-11-26T11:03:30.464,93713.0,93809.3,93778.06,93797.82
2024-11-26T11:03:30.484,93713.0,93809.3,93778.04,93797.91
2024-11-26T11:03:30.504,93713.0,93809.3,93778.03,93797.94
2024-11-26T11:03:30.524,93713.0,93809.3,93778.0,93797.94
2024-11-26T11:03:30.544,93713.0,93809.3,93778.0,93797.92
2024-11-26T11:03:30.564,93713.0,93809.3,93778.03,93797.91
2024-11-26T11:03:30.604,93713.0,93809.3,93778.0,93797.92
2024-11-26T11:03:30.624,93713.0,93809.3,93778.0,93798.0
2024-11-26T11:03:30.644,93713.0,93809.3,93778.0,93797.97
2024-11-26T11:03:30.664,93713.0,93809.3,93778.04,93797.96
2024-11-26T11:03:30.684,93713.0,93809.3,93776.22,93793.29
2024-11-26T11:03:30.704,93713.0,93809.3,93775.03,93792.88
2024-11-26T11:03:30.724,93713.0,93809.3,93772.984,93793.05
2024-11-26T11:03:30.744,93713.0,93809.3,93770.586,93788.7
2024-11-26T11:03:30.764,93713.0,93809.3,93769.55,93787.25
2024-11-26T11:03:30.784,93713.0,93809.3,93769.42,93786.49
2024-11-26T11:03:30.804,93713.0,93809.3,93768.586,93786.49
2024-11-26T11:03:30.824,93713.0,93809.3,93767.2,93786.54
2024-11-26T11:03:30.844,93713.0,93809.3,93766.13,93783.516
2024-11-26T11:03:30.864,93713.0,93809.3,93767.09,93784.234
2024-11-26T11:03:30.884,93713.0,93809.3,93767.055,93784.52
2024-11-26T11:03:30.904,93713.0,93809.3,93766.32,93784.74
2024-11-26T11:03:30.924,93713.0,93809.3,93766.195,93784.75
2024-11-26T11:03:30.944,93713.0,93809.3,93765.98,93784.7
2024-11-26T11:03:30.964,93713.0,93809.3,93765.98,93784.75
2024-11-26T11:03:30.984,93713.0,93809.3,93764.77,93782.27
2024-11-26T11:03:31.004,93713.0,93809.3,93764.06,93780.875
2024-11-26T11:03:31.024,93713.0,93809.3,93764.49,93780.14
2024-11-26T11:03:31.044,93713.0,93809.3,93764.0,93781.586
2024-11-26T11:03:31.064,93713.0,93809.3,93764.94,93782.734
2024-11-26T11:03:31.085,93713.0,93809.3,93764.5,93782.97
2024-11-26T11:03:31.104,93713.0,93809.3,93763.766,93782.97
2024-11-26T11:03:31.124,93713.0,93809.3,93762.95,93783.234
2024-11-26T11:03:31.144,93713.0,93809.3,93763.18,93783.28
2024-11-26T11:03:31.164,93713.0,93809.3,93764.31,93783.28
2024-11-26T11:03:31.185,93713.0,93809.3,93764.32,93783.28
2024-11-26T11:03:31.204,93713.0,93809.3,93764.74,93783.73
2024-11-26T11:03:31.225,93713.0,93809.3,93764.96,93784.01
2024-11-26T11:03:31.244,93713.0,93809.3,93765.02,93784.01
2024-11-26T11:03:31.265,93713.0,93809.3,93764.96,93784.03
2024-11-26T11:03:31.284,93713.0,93809.3,93764.96,93784.016
2024-11-26T11:03:31.304,93713.0,93809.3,93764.91,93783.586
2024-11-26T11:03:31.324,93713.0,93809.3,93764.79,93783.47
2024-11-26T11:03:31.344,93713.0,93809.3,93763.38,93783.63
2024-11-26T11:03:31.364,93713.0,93809.3,93763.38,93783.63
2024-11-26T11:03:31.404,93713.0,93809.3,93762.14,93782.22
2024-11-26T11:03:31.424,93713.0,93809.3,93761.766,93778.414
2024-11-26T11:03:31.444,93713.0,93809.3,93761.21,93778.625
2024-11-26T11:03:31.464,93713.0,93809.3,93761.19,93779.19
2024-11-26T11:03:31.484,93713.0,93809.3,93761.2,93779.41
2024-11-26T11:03:31.504,93713.0,93809.3,93761.19,93779.4
2024-11-26T11:03:31.524,93713.0,93809.3,93761.29,93779.59
2024-11-26T11:03:31.544,93713.0,93809.3,93762.984,93779.72
2024-11-26T11:03:31.564,93713.0,93809.3,93763.67,93779.86
2024-11-26T11:03:31.584,93713.0,93809.3,93764.48,93781.66
2024-11-26T11:03:31.604,93713.0,93809.3,93763.22,93783.305
2024-11-26T11:03:31.624,93713.0,93809.3,93763.34,93784.37
2024-11-26T11:03:31.644,93713.0,93809.3,93764.125,93784.73
2024-11-26T11:03:31.664,93713.0,93809.3,93764.41,93784.73
2024-11-26T11:03:31.684,93713.0,93809.3,93764.53,93784.71
2024-11-26T11:03:31.704,93713.0,93809.3,93764.445,93784.625
2024-11-26T11:03:31.724,93713.0,93809.3,93764.52,93784.63
2024-11-26T11:03:31.744,93713.0,93809.3,93764.52,93784.625
2024-11-26T11:03:31.764,93713.0,93809.3,93764.52,93784.625
2024-11-26T11:03:31.784,93713.0,93809.3,93764.47,93784.625
2024-11-26T11:03:31.804,93713.0,93809.3,93764.07,93784.625
2024-11-26T11:03:31.824,93713.0,93809.3,93764.07,93784.71
2024-11-26T11:03:31.844,93713.0,93809.3,93764.07,93784.74
2024-11-26T11:03:31.904,93713.0,93809.3,93764.445,93784.484
2024-11-26T11:03:31.924,93713.0,93809.3,93764.375,93784.65
2024-11-26T11:03:31.944,93713.0,93809.3,93764.375,93784.63
2024-11-26T11:03:31.964,93713.0,93809.3,93764.086,93782.984
2024-11-26T11:03:31.984,93713.0,93809.3,93764.03,93782.82
2024-11-26T11:03:32.004,93713.0,93809.3,93764.12,93783.0
2024-11-26T11:03:32.024,93713.0,93809.3,93764.12,93783.05
2024-11-26T11:03:32.044,93713.0,93809.3,93764.05,93782.82
2024-11-26T11:03:32.064,93713.0,93809.3,93764.05,93783.32
2024-11-26T11:03:32.084,93713.0,93809.3,93764.05,93783.53
2024-11-26T11:03:32.104,93713.0,93809.3,93764.05,93783.555
2024-11-26T11:03:32.124,93713.0,93809.3,93764.1,93783.516
2024-11-26T11:03:32.144,93713.0,93809.3,93764.11,93783.516
2024-11-26T11:03:32.164,93713.0,93809.3,93764.11,93783.17
2024-11-26T11:03:32.184,93713.0,93809.3,93764.57,93783.81
2024-11-26T11:03:32.204,93713.0,93809.3,93764.58,93783.9
2024-11-26T11:03:32.224,93713.0,93809.3,93767.51,93785.73
2024-11-26T11:03:32.244,93713.0,93809.3,93772.01,93786.19
2024-11-26T11:03:32.264,93713.0,93809.3,93769.62,93786.984
2024-11-26T11:03:32.284,93713.0,93809.3,93769.07,93786.86
2024-11-26T11:03:32.304,93713.0,93809.3,93768.914,93787.18
2024-11-26T11:03:32.324,93713.0,93809.3,93768.875,93787.26
2024-11-26T11:03:32.344,93713.0,93809.3,93768.87,93787.25
2024-11-26T11:03:32.364,93713.0,93809.3,93768.21,93787.25
2024-11-26T11:03:32.384,93713.0,93809.3,93767.34,93787.25
2024-11-26T11:03:32.404,93713.0,93809.3,93767.34,93787.25
2024-11-26T11:03:32.424,93713.0,93809.3,93767.34,93787.36
2024-11-26T11:03:32.444,93713.0,93809.3,93767.34,93787.375
2024-11-26T11:03:32.464,93713.0,93809.3,93767.34,93787.375
2024-11-26T11:03:32.504,93713.0,93809.3,93767.61,93787.36
2024-11-26T11:03:32.524,93713.0,93809.3,93767.66,93787.36
2024-11-26T11:03:32.584,93713.0,93809.3,93767.38,93787.36
2024-11-26T11:03:32.604,93713.0,93809.3,93767.91,93785.66
2024-11-26T11:03:32.625,93713.0,93809.3,93767.82,93785.43
2024-11-26T11:03:32.644,93713.0,93809.3,93767.82,93785.34
2024-11-26T11:03:32.664,93713.0,93809.3,93767.82,93786.21
2024-11-26T11:03:32.684,93713.0,93809.3,93767.4,93786.2
2024-11-26T11:03:32.744,93713.0,93809.3,93767.4,93786.23
2024-11-26T11:03:32.764,93713.0,93809.3,93767.39,93786.93
2024-11-26T11:03:32.784,93713.0,93809.3,93767.39,93787.09
2024-11-26T11:03:32.804,93713.0,93809.3,93767.38,93787.09
2024-11-26T11:03:32.824,93713.0,93809.3,93766.8,93787.04
2024-11-26T11:03:32.844,93713.0,93809.3,93766.8,93787.04
2024-11-26T11:03:32.884,93713.0,93809.3,93766.8,93787.04
2024-11-26T11:03:32.904,93713.0,93809.3,93766.8,93787.03
2024-11-26T11:03:32.944,93713.0,93809.3,93766.77,93786.555
2024-11-26T11:03:32.964,93713.0,93809.3,93766.77,93786.29
2024-11-26T11:03:32.984,93713.0,93809.3,93766.25,93785.61
2024-11-26T11:03:33.004,93713.0,93809.3,93766.414,93784.95
2024-11-26T11:03:33.024,93713.0,93809.3,93764.59,93784.19
2024-11-26T11:03:33.044,93713.0,93809.3,93764.58,93784.0
2024-11-26T11:03:33.064,93713.0,93809.3,93764.086,93783.99
2024-11-26T11:03:33.084,93713.0,93809.3,93764.125,93783.69
2024-11-26T11:03:33.104,93713.0,93809.3,93765.99,93783.734
2024-11-26T11:03:33.124,93713.0,93809.3,93764.3,93783.92
2024-11-26T11:03:33.144,93713.0,93809.3,93764.016,93783.92
2024-11-26T11:03:33.164,93713.0,93809.3,93763.98,93784.484
2024-11-26T11:03:33.184,93713.0,93809.3,93764.0,93784.484
2024-11-26T11:03:33.204,93713.0,93809.3,93764.0,93784.484
2024-11-26T11:03:33.244,93713.0,93809.3,93764.01,93784.49
2024-11-26T11:03:33.264,93713.0,93809.3,93764.34,93784.49
2024-11-26T11:03:33.284,93713.0,93809.3,93764.34,93784.484
2024-11-26T11:03:33.304,93713.0,93809.3,93764.34,93784.5
2024-11-26T11:03:33.324,93713.0,93809.3,93764.414,93784.5
2024-11-26T11:03:33.344,93713.0,93809.3,93764.28,93784.5
2024-11-26T11:03:33.364,93713.0,93809.3,93764.26,93784.57
2024-11-26T11:03:33.404,93713.0,93809.3,93764.26,93784.57
2024-11-26T11:03:33.424,93713.0,93809.3,93764.3,93783.95
2024-11-26T11:03:33.444,93713.0,93809.3,93764.27,93783.93
2024-11-26T11:03:33.484,93713.0,93809.3,93764.27,93783.94
2024-11-26T11:03:33.504,93713.0,93809.3,93764.016,93783.94
2024-11-26T11:03:33.524,93713.0,93809.3,93768.01,93784.31
2024-11-26T11:03:33.544,93713.0,93809.3,93767.38,93785.97
2024-11-26T11:03:33.564,93713.0,93809.3,93767.38,93785.945
2024-11-26T11:03:33.584,93713.0,93809.3,93767.36,93785.625
2024-11-26T11:03:33.604,93713.0,93809.3,93767.375,93785.5
2024-11-26T11:03:33.624,93713.0,93809.3,93767.4,93785.375
2024-11-26T11:03:33.644,93713.0,93809.3,93767.4,93785.49
2024-11-26T11:03:33.664,93713.0,93809.3,93767.4,93786.375
2024-11-26T11:03:33.684,93713.0,93809.3,93767.4,93786.39
2024-11-26T11:03:33.704,93713.0,93809.3,93767.38,93785.41
2024-11-26T11:03:33.725,93713.0,93809.3,93767.38,93785.4
2024-11-26T11:03:33.764,93713.0,93809.3,93767.4,93785.4
2024-11-26T11:03:33.784,93713.0,93809.3,93767.38,93786.25
2024-11-26T11:03:33.804,93713.0,93809.3,93767.375,93786.68
2024-11-26T11:03:33.824,93713.0,93809.3,93767.35,93786.59
2024-11-26T11:03:33.844,93713.0,93809.3,93767.27,93786.51
2024-11-26T11:03:33.864,93713.0,93809.3,93767.29,93786.555
2024-11-26T11:03:33.884,93713.0,93809.3,93767.6,93786.52
2024-11-26T11:03:33.924,93713.0,93809.3,93767.6,93786.53
2024-11-26T11:03:33.944,93713.0,93809.3,93767.625,93786.53
2024-11-26T11:03:33.964,93713.0,93809.3,93767.75,93786.484
2024-11-26T11:03:34.004,93713.0,93809.3,93767.72,93786.555
2024-11-26T11:03:34.024,93713.0,93809.3,93767.72,93786.6
2024-11-26T11:03:34.044,93713.0,93809.3,93767.664,93786.6
2024-11-26T11:03:34.064,93713.0,93809.3,93765.15,93783.1
2024-11-26T11:03:34.084,93713.0,93809.3,93763.71,93783.51
2024-11-26T11:03:34.104,93713.0,93809.3,93764.01,93782.93
2024-11-26T11:03:34.124,93713.0,93809.3,93765.46,93783.1
2024-11-26T11:03:34.144,93713.0,93809.3,93765.625,93783.11
2024-11-26T11:03:34.164,93713.0,93809.3,93765.61,93783.46
2024-11-26T11:03:34.184,93713.0,93809.3,93779.234,93790.484
2024-11-26T11:03:34.204,93713.0,93809.3,93784.26,93797.91
2024-11-26T11:03:34.224,93713.0,93809.3,93783.195,93798.31
2024-11-26T11:03:34.244,93713.0,93809.3,93779.266,93798.12
2024-11-26T11:03:34.264,93713.0,93809.3,93779.61,93797.91
2024-11-26T11:03:34.284,93713.0,93809.3,93779.38,93797.89
2024-11-26T11:03:34.304,93713.0,93809.3,93778.05,93798.31
2024-11-26T11:03:34.324,93713.0,93809.3,93776.75,93798.266
2024-11-26T11:03:34.344,93713.0,93809.3,93776.3,93798.03
2024-11-26T11:03:34.364,93713.0,93809.3,93775.99,93797.766
2024-11-26T11:03:34.384,93713.0,93809.3,93774.87,93797.68
2024-11-26T11:03:34.404,93713.0,93809.3,93774.92,93796.43
2024-11-26T11:03:34.424,93713.0,93809.3,93775.51,93793.86
2024-11-26T11:03:34.444,93713.0,93809.3,93776.76,93795.375
2024-11-26T11:03:34.464,93713.0,93809.3,93777.09,93795.19
2024-11-26T11:03:34.484,93713.0,93809.3,93777.09,93795.21
2024-11-26T11:03:34.504,93713.0,93809.3,93777.125,93795.1
2024-11-26T11:03:34.524,93713.0,93809.3,93777.08,93796.586
2024-11-26T11:03:34.545,93713.0,93809.3,93777.11,93796.82
2024-11-26T11:03:34.564,93713.0,93809.3,93777.15,93796.96
2024-11-26T11:03:34.584,93713.0,93809.3,93777.14,93796.96
2024-11-26T11:03:34.604,93713.0,93809.3,93776.75,93797.42
2024-11-26T11:03:34.624,93713.0,93809.3,93776.85,93797.414
2024-11-26T11:03:34.644,93713.0,93809.3,93776.85,93797.46
2024-11-26T11:03:34.684,93713.0,93809.3,93776.84,93797.46
2024-11-26T11:03:34.704,93713.0,93809.3,93776.875,93797.51
2024-11-26T11:03:34.724,93713.0,93809.3,93776.875,93797.51
2024-11-26T11:03:34.744,93713.0,93809.3,93776.875,93797.47
2024-11-26T11:03:34.785,93713.0,93809.3,93777.17,93797.51
2024-11-26T11:03:34.804,93713.0,93809.3,93777.17,93797.47
2024-11-26T11:03:34.825,93713.0,93809.3,93777.234,93797.47
2024-11-26T11:03:34.844,93713.0,93809.3,93777.234,93797.555
2024-11-26T11:03:34.864,93713.0,93809.3,93777.6,93797.555
2024-11-26T11:03:34.884,93713.0,93809.3,93777.6,93797.555
2024-11-26T11:03:34.905,93713.0,93809.3,93777.42,93797.54
2024-11-26T11:03:34.925,93713.0,93809.3,93777.44,93797.54
2024-11-26T11:03:34.944,93713.0,93809.3,93778.09,93797.586
2024-11-26T11:03:34.964,93713.0,93809.3,93777.44,93797.62
2024-11-26T11:03:35.004,93713.0,93809.3,93778.79,93797.62
2024-11-26T11:03:35.044,93713.0,93809.3,93778.79,93797.63
2024-11-26T11:03:35.064,93713.0,93809.3,93778.78,93797.57
2024-11-26T11:03:35.084,93713.0,93809.3,93779.96,93798.23
2024-11-26T11:03:35.104,93713.0,93809.3,93784.61,93798.33
2024-11-26T11:03:35.124,93713.0,93809.3,93782.44,93798.164
2024-11-26T11:03:35.144,93713.0,93809.3,93782.01,93798.12
2024-11-26T11:03:35.164,93713.0,93809.3,93781.92,93798.16
2024-11-26T11:03:35.185,93713.0,93809.3,93781.77,93798.195
2024-11-26T11:03:35.224,93713.0,93809.3,93781.77,93798.2
2024-11-26T11:03:35.245,93713.0,93809.3,93781.79,93798.2
2024-11-26T11:03:35.304,93713.0,93809.3,93781.68,93798.195
2024-11-26T11:03:35.324,93713.0,93809.3,93781.67,93798.195
2024-11-26T11:03:35.365,93713.0,93809.3,93781.53,93798.195
2024-11-26T11:03:35.384,93713.0,93809.3,93781.64,93798.2
2024-11-26T11:03:35.405,93713.0,93809.3,93781.64,93798.22
2024-11-26T11:03:35.424,93713.0,93809.3,93781.64,93798.19
2024-11-26T11:03:35.444,93713.0,93809.3,93781.64,93798.11
2024-11-26T11:03:35.484,93713.0,93809.3,93781.64,93798.17
2024-11-26T11:03:35.505,93713.0,93809.3,93781.64,93798.23
2024-11-26T11:03:35.525,93713.0,93809.3,93781.64,93798.18
2024-11-26T11:03:35.564,93713.0,93809.3,93781.64,93798.09
2024-11-26T11:03:35.585,93713.0,93809.3,93781.64,93798.09
2024-11-26T11:03:35.604,93713.0,93809.3,93781.64,93798.07
2024-11-26T11:03:35.624,93713.0,93809.3,93781.54,93797.945
2024-11-26T11:03:35.664,93713.0,93809.3,93781.54,93797.97
2024-11-26T11:03:35.684,93713.0,93809.3,93781.64,93798.09
2024-11-26T11:03:35.805,93713.0,93809.3,93781.555,93798.04
2024-11-26T11:03:35.825,93713.0,93809.3,93781.49,93798.04
2024-11-26T11:03:35.845,93713.0,93809.3,93781.49,93798.016
2024-11-26T11:03:35.865,93713.0,93809.3,93781.49,93798.05
2024-11-26T11:03:35.885,93713.0,93809.3,93781.484,93798.05
2024-11-26T11:03:35.904,93713.0,93809.3,93781.46,93798.05
2024-11-26T11:03:35.924,93713.0,93809.3,93781.51,93798.05
2024-11-26T11:03:35.944,93713.0,93809.3,93781.555,93798.09
2024-11-26T11:03:35.964,93713.0,93809.3,93781.59,93798.09
2024-11-26T11:03:36.004,93713.0,93809.3,93781.625,93798.18
2024-11-26T11:03:36.025,93713.0,93809.3,93781.625,93798.21
2024-11-26T11:03:36.044,93713.0,93809.3,93781.625,93798.2
2024-11-26T11:03:36.064,93713.0,93809.3,93781.625,93798.22
2024-11-26T11:03:36.085,93713.0,93809.3,93781.08,93798.25
2024-11-26T11:03:36.104,93713.0,93809.3,93781.195,93798.25
2024-11-26T11:03:36.204,93713.0,93809.3,93781.76,93798.195
2024-11-26T11:03:36.225,93713.0,93809.3,93781.64,93798.27
2024-11-26T11:03:36.245,93713.0,93809.3,93781.84,93798.3
2024-11-26T11:03:36.264,93713.0,93809.3,93781.84,93798.266
2024-11-26T11:03:36.284,93713.0,93809.3,93781.84,93798.21
2024-11-26T11:03:36.305,93713.0,93809.3,93781.84,93798.26
2024-11-26T11:03:36.324,93713.0,93809.3,93781.84,93798.234
2024-11-26T11:03:36.344,93713.0,93809.3,93781.836,93798.25
2024-11-26T11:03:36.445,93713.0,93809.3,93781.836,93798.25
2024-11-26T11:03:36.464,93713.0,93809.3,93781.836,93798.26
2024-11-26T11:03:36.484,93713.0,93809.3,93781.836,93798.24
2024-11-26T11:03:36.544,93713.0,93809.3,93781.836,93798.266
2024-11-26T11:03:36.565,93713.0,93809.3,93781.836,93798.25
2024-11-26T11:03:36.585,93713.0,93809.3,93781.8,93798.2
2024-11-26T11:03:36.604,93713.0,93809.3,93781.8,93798.18
2024-11-26T11:03:36.625,93713.0,93809.3,93781.73,93798.08
2024-11-26T11:03:36.644,93713.0,93809.3,93781.71,93798.08
2024-11-26T11:03:36.664,93713.0,93809.3,93781.71,93798.13
2024-11-26T11:03:36.685,93713.0,93809.3,93781.805,93798.13
2024-11-26T11:03:36.705,93713.0,93809.3,93781.25,93797.97
2024-11-26T11:03:36.724,93713.0,93809.3,93778.47,93797.805
2024-11-26T11:03:36.744,93713.0,93809.3,93777.86,93797.73
2024-11-26T11:03:36.764,93713.0,93809.3,93777.81,93797.65
2024-11-26T11:03:36.784,93713.0,93809.3,93778.45,93795.52
2024-11-26T11:03:36.804,93713.0,93809.3,93778.18,93795.76
2024-11-26T11:03:36.824,93713.0,93809.3,93777.664,93795.83
2024-11-26T11:03:36.844,93713.0,93809.3,93777.734,93795.83
2024-11-26T11:03:36.884,93713.0,93809.3,93777.85,93795.81
2024-11-26T11:03:36.904,93713.0,93809.3,93777.875,93795.805
2024-11-26T11:03:36.924,93713.0,93809.3,93777.87,93795.81
2024-11-26T11:03:36.944,93713.0,93809.3,93777.85,93795.81
2024-11-26T11:03:36.964,93713.0,93809.3,93777.83,93796.07
2024-11-26T11:03:36.984,93713.0,93809.3,93777.85,93794.82
2024-11-26T11:03:37.004,93713.0,93809.3,93778.22,93794.914
2024-11-26T11:03:37.024,93713.0,93809.3,93774.88,93785.88
2024-11-26T11:03:37.044,93713.0,93809.3,93773.78,93784.234
2024-11-26T11:03:37.064,93713.0,93809.3,93773.88,93785.19
2024-11-26T11:03:37.084,93713.0,93809.3,93773.13,93786.6
2024-11-26T11:03:37.104,93713.0,93809.3,93772.25,93786.914
